4834 6409
781 485 789 490 ,
2965 476 2974 485 κ
3632 400 3805 516 ²73
3962 409 4116 528 ρῖῑ·

436 535 720 629 sedula
745 597 773 644 ,
840 556 926 625 et
979 553 1303 621 matura
1351 520 1947 618 deliberatione
1976 580 2010 635 ,
2076 549 2164 616 et
2209 558 2307 618 ex
2362 525 2628 613 nostri
2687 524 3111 641 pastoralis
3179 520 3435 614 officii
3490 551 3732 615 motu
3779 594 3810 639 ,
3886 562 3895 572 ·

432 676 543 748 ne
605 662 945 773 insuper
992 651 1218 768 apud
1255 649 1631 771 ‘justumb
1688 672 1777 738 wet
1826 652 2319 737 omniscium
2368 645 2757 733 Judicem
2811 644 2964 747 Rei
3023 644 3362 757 fiamus,
3428 662 3811 763 praesen-

435 800 654 868 tatae
700 844 733 885 ,
810 772 959 862 sed
1030 772 1949 887 neglectaecocoasionis'
1996 767 2103 857 de
2166 772 2420 885 ipsius
2465 766 2782 854 honore
2831 828 2858 872 ,
2920 789 3005 853 et
3050 768 3516 854 animarum
3574 769 3811 858 lucro

431 892 1301 1015 promovendo=supra
1351 892 1782 979 memorati
1829 891 1922 974 P.
1970 887 2512 980 ,Provincialis
2548 950 2574 995 ‚
2637 911 2719 975 et
2755 886 3254 976 'Conventus
3302 888 3814 978 humillimas

435 1047 725 1134 preces
774 1079 799 1125 ‚
879 1038 964 1101 et
1031 1018 1339 1099 motiva
1413 1010 1799 1096 duximus
1886 1007 2396 1098 admittenda
2447 1004 3078 1128 ,proindeque
3171 1010 3804 1123 praeallegat'ai'm

430 1136 1017 1225 fundationem
1100 1132 1618 1218 Glickianam
1656 1195 1686 1235 ,
1750 1130 2054 1234 simul,
2116 1161 2213 1217 ac
2262 1146 2361 1218 e'x
2409 1130 2652 1214 titulo
2697 1127 3076 1215 Dominii
3158 1126 3454 1216 directi
3500 1132 3804 1244 imper—-

438 1261 685 1343 titum
738 1279 1230 1342 consensum
1269 1314 1294 1358 ,
1364 1253 1790 1338 reservatis
1852 1253 2246 1368 utrinque
2308 1246 2991 1356 conditionibus,
3061 1279 3159 1335 ex
3226 1262 3478 1337 certa‘
3521 1240 3806 1337 scien:

432 1372 545 1461 tia
580 1438 607 1482 ,
662 1373 1147 1462 auctoritate
1206 1393 1475 1458 nostra
1527 1368 1935 1456 ordinaria
1973 1433 1999 1475 ‚
2050 1393 2135 1455 et
2182 1392 2279 1455 ut
2326 1370 2722 1483 Princeps
2799 1366 3063 1456 terrae
3111 1400 3282 1455 non
3359 1370 3627 1455 solum
3675 1402 3806 1458 ra-

431 1493 932 1584 tificavimus
982 1556 1007 1601 ‚
1078 1515 1162 1578 et
1196 1490 1887 1577 *confirmavimus
1937 1552 1962 1594 ,
2039 1487 2186 1574 sed
2271 1486 2607 1604 insuper
2656 1490 3188 1574 ulterioribus
3249 1498 3541 1575 eorum
3608 1492 3806 1606 sup·

428 1615 1016 1731 plicationibus
1066 1611 1436 1696 inclinati
1491 1606 1781 1695 eadem
1832 1611 2972 1717 auctoritateconcessimus‚
3025 1606 3560 1717 indulsimus,
3599 1618 3803 1728 qua-f

428 1746 669 1820 tenus
722 1728 1305 1817 Hundsdorffii
1378 1727 1775 1844 Cappella
1856 1731 1936 1813 in
2006 1727 2530 1816 Praefectura
2593 1752 2868 1814 nostra
2933 1729 3531 1816 Saxenbacensi
3581 1731 3730 1815 sita
3769 1790 3797 1836 ,

426 1886 522 1941 ac
573 1854 1199 1970 praenominato
1248 1849 1626 1935 Trauner
1673 1852 1856 1962 jure
1907 1846 2455 1934 haereditario
2505 1851 2826 1963 propria
2915 1849 3058 1935 SS.
3111 1849 3499 1935 Trinitati
3549 1851 3802 1936 Sacra

431 1972 705 2092 (cum
754 2034 781 2076 ,
833 1994 931 2056 ut
976 1966 1492 2084 praefertur,
1564 1964 1899 2054 aliunde
1947 1999 2236 2082 parum
2301 1970 2892 2056 convenienter
2955 1971 3246 2055 situata
3280 2033 3313 2073 ,
3376 1980 3715 2082 angusta
3768 2028 3796 2074 ‚

425 2115 666 2181 vetus
701 2154 725 2197 ,
815 2114 898 2177 et
966 2085 1545 2194 incommoda,
1606 2116 1909 2201 easque
1969 2090 2142 2201 ipse
2193 2089 2600 2174 Patronus
2688 2110 3066 2174 attestato
3148 2087 3413 2174 Nobis
3465 2093 3553 2175 in
3603 2091 3801 2176 scri-

425 2215 588 2329 ptis
637 2211 794 2297 sub
849 2242 987 2297 22.
1032 2208 1524 2295 Decembris
1582 2207 1833 2324 1735.
1917 2209 2283 2294 exhibito
2332 2206 2816 2326 consensit)
2908 2209 3087 2295 sine
3166 2208 3595 2296 obstaculo
3655 2205 3799 2296 de-

431 2353 796 2417 struatur
844 2393 870 2437 ,
936 2352 1021 2417 et
1069 2330 1225 2414 alia
1275 2331 1361 2413 in
1424 2331 1604 2442 ejus
1662 2330 1933 2433 vicem
1986 2327 2169 2414 loco
2214 2331 2495 2415 vicino
2558 2331 2969 2440 erigatur,
3056 2350 3273 2444 quae
3338 2346 3602 2416 'novae
3650 2325 3799 2415 do·

429 2454 606 2536 mni
657 2442 1067 2536 Missionis
1117 2445 1219 2533 ad
1271 2477 1514 2533 usum
1566 2446 1730 2531 ΡΡ.
1784 2448 2486 2534 Missionariorum
2539 2476 2849 2536 annexa
2901 2444 3009 2533 ad
3074 2445 3594 2534 retinendam
3652 2478 3795 2535 ves

435 2573 637 2655 teris
674 2573 1156 2655 memoriam
1208 2564 1667 2652 honoribus
1727 2565 2099 2677 ejusdem
2152 2563 2453 2652 SSfr'tae
2501 2560 2930 2653 Trinitatis
2960 2624 2991 2671 ,
3055 2598 3150 2653 ac
3198 2567 3445 2652 simul
3497 2566 3578 2651 S.
3620 2567 3794 2654 An-

428 2691 635 2774 tonii
702 2686 808 2775 de
858 2687 1139 2773 Padua
1191 2685 1790 2795 Thaumaturgi
1842 2683 2271 2772 dedicatur
2320 2717 2340 2766 z
2398 2682 2738 2772 demum
2784 2716 2880 2773 ex
2941 2688 3185 2772 variis
3233 2686 3793 2776 oblationibus

432 2806 682 2893 1500.
737 2808 917 2893 flor.
973 2808 1299 2893 circi-ter
1355 2836 1505 2919 pro
1552 2807 1809 2892 veteri
1863 2804 2181 2891 Sacello
2231 2828 2607 2916 congesta
2662 2802 2861 2892 dost
2913 2802 3322 2926 (demptis
3371 2805 3567 2892 560»
3606 2805 3787 2895 flor.

423 2957 631 3044 quos
679 2926 1104 3012 Ecclesiae
1165 2923 1550 3011 Vicariali
1631 2922 1877 3010 ad-B.
1929 2920 2033 3010 Vss
2087 2927 2173 3009 in
2224 2921 2499 3035 Brugg
2550 2926 2862 3044 absque
2924 2940 3173 3013 onere
3222 2928 3788 3035 attribuimus,

425 3071 509 3132 et
559 3042 1234 3159 incorporamus)
1300 3042 1407 3130 ad
1466 3041 1862 3131 fabricam
1941 3074 2203 3133 novae
2236 3043 2485 3131 -aedis
2535 3044 3165 3164 Missionariae(
3215 3076 3465 3163 quam
3536 3042 3792 3137 iidem

426 3164 709 3251 Patres
757 3162 1099 3278 posthac
1145 3187 1470 3273 sartam,
1523 3187 1819 3251 tectam
1852 3227 1878 3269 ‚
1931 3186 2015 3250 et
2072 3169 2157 3249 in
2218 3165 2543 3285 'reliquo
2608 3163 3000 3254 decenter
3062 3167 3547 3255 instructam
3596 3190 3791 3256 con·

428 3316 752 3372 servare
801 3282 1283 3394 debeant)=
1338 3285 1787 3399 applicari,
1853 3306 1939 3369 et
1986 3287 2356 3371 converti
2410 3288 2687 3400 possit.

550 3403 794 3514 Quae
860 3406 1192 3509 omnia,
1259 3427 1667 3524 quatenus
1714 3433 1921 3514 opus
2005 3426 2183 3509 est,
2255 3401 2549 3490 harum
2614 3409 2891 3516 vigore
2952 3429 3187 3494 motu
3235 3409 3619 3522 proprio,
3703 3432 3787 3497 et

425 3555 619 3611 cum
672 3545 893 3610 certa
943 3524 1282 3611 scientia
1333 3522 1614 3612 denuo
1665 3521 2160 3609 ratificamus
2194 3583 2220 3628 ‚
2275 3520 2858 3610 confirmamus
2892 3589 2917 3633 ‚
2990 3559 3086 3614 ac
3150 3531 3599 3642 respective
3661 3530 3787 3614 in·

421 3642 911 3756 dulgemus‚
961 3641 1449 3731 mandantes
1483 3707 1508 3751 ‚
1582 3666 1677 3728 ut
1723 3639 2017 3728 iisdem
2082 3639 2358 3758 quoad
2410 3647 2682 3729 omnia
2712 3708 2743 3749 ,
2792 3669 2874 3730 et
2923 3648 3243 3759 singula
3291 3670 3599 3761 puncta
3650 3646 3787 3734 fir·

416 3766 665 3851 miter
726 3761 1265 3853 adhaereatur
1298 3762 1546 3850 simul
1598 3786 1867 3849 tamen
1923 3783 2347 3869 caventes,
2407 3783 2505 3848 ut
2552 3766 2909 3850 vicissim
2960 3772 3583 3879 praememorati
3612 3769 3774 3856 ΡΡ.

420 3881 763 3968 Ordinis
813 3883 1239 3992 Minorum
1291 3883 1368 3970 S.
1410 3884 1480 3969 F
1484 3883 1825 3972 rancisci
1881 3881 2534 3971 Recollectorum
2584 3880 2854 3970 dietae
2902 3886 3524 3996 Argentinensis
3558 3952 3590 3994 ,
3637 3919 3786 3976 seu

419 4001 960 4087 Alemanniae
1011 4004 1496 4091 Provinciae
1558 4002 1968 4117 subjectas
2019 3997 2535 4090 conditiones
2592 4033 2693 4095 ex
2736 4035 2880 4093 sua
2935 4015 3167 4120 parte
3217 4008 3786 4121 'punctualiter

418 4119 871 4233 impleant,
943 4144 1026 4208 et
1080 4122 1575 4229 observent,
1629 4125 1992 4209 seilicet:
2194 4140 2208 4155 ‘

526 4237 606 4342 §-
664 4270 798 4328 20.
852 4241 1133 4326 Primo
1182 4242 1753 4355 Apostolicum
1816 4240 2228 4328 Missionis
2280 4238 2652 4329 officium
2713 4244 2924 4329 intra
2974 4247 3367 4333 terminos
3415 4251 3585 4362 jam
3635 4244 3785 4334 diu
3833 4254 4163 4328 conditio-

422 4355 579 4447 sibi
643 4358 1040 4476 praefixos
1064 4408 1113 4467 ‚·
1170 4359 1560 4449 videlicet
1619 4362 1702 4446 in
1790 4358 2336 4448 Praefecturis
2370 4427 2395 4471 ,
2479 4393 2576 4448 ac
2626 4362 3012 4477 Satrapiis
3090 4365 3372 4453 Zellae
3422 4367 3784 4481 Pinzgo-
3808 4370 3919 4457 ¹¹⁸?
3955 4373 4069 4457 ΒΕΓ

414 4480 721 4568 viensis
760 4542 784 4586 ‚
839 4479 1307 4568 Taxenbaci
1344 4545 1368 4587 ‚
1422 4503 1506 4568 et
1558 4476 1896 4586 Rourii,
1950 4510 2111 4600 qua
2165 4481 2339 4568 late·
2373 4483 2459 4565 in
2511 4484 3099 4597 temporalibus
3148 4516 3235 4572 se
3294 4483 3779 4594 extendunt,
3806 4441 4166 4600 fflfflffi,

415 4598 650 4688 obire
701 4623 1188 4708 teneantur,
1279 4602 1490 4688 ultra
1556 4600 1737 4688 illos
1786 4629 1984 4686 vero
2052 4601 2250 4687 citra
2303 4622 2731 4707 nostrum,
2798 4625 2884 4711 et
2938 4627 3405 4694 nostrorum
3455 4610 3545 4693 in
3627 4609 3782 4696 Ar-
3804 4622 4084 4716 plendae.

419 4718 1036 4835 chiepiscopatu
1087 4722 1671 4811 successorum
1739 4722 2233 4839 praescitum
2266 4783 2300 4826 ,
2375 4743 2461 4809 et
2524 4750 3019 4812 consensum
3069 4726 3544 4816 nullatenus
3595 4759 3784 4845 pro-

417 4836 647 4948 gredi
699 4842 815 4924 eis
880 4842 1147 4927 liceat·
2286 4870 2295 4875 '
2513 4874 2520 4881 ‘

535 4954 946 5045 Secundo.
1016 4960 1388 5048 Domum
1440 4961 1852 5047 Missionis
1899 4990 2069 5048 una
2120 4990 2312 5050 cum
2366 4959 2686 5049 Sacello
2719 5018 2745 5069 ‚
2810 4963 2946 5050 vel
2993 4963 3366 5053 Eeelesia
3409 4966 3449 5085 (
3485 4971 3621 5057 oui
3673 4969 3782 5059 de

415 5077 645 5162 omni
695 5081 1143 5163 necessaria
1204 5080 1750 5190 supellectili,
1822 5076 2279 5167 luminibus
2312 5142 2337 5188 ‚
2392 5086 2476 5174 et
2525 5085 2727 5168 vino
2773 5080 2882 5169 ad
2945 5082 3455 5174 Sacrificium
3504 5093 3783 5202 provi-

413 5192 613 5285 dere
661 5190 973 5283 eisdem
1026 5198 1503 5315 incumbit)
1566 5196 2091 5286 conformiter
2142 5198 2612 5289 fundationi
2664 5202 3194 5309 Gliekianae,
3255 5206 3342 5291 in
3392 5209 3783 5324 amplitu-

411 5308 615 5403 dine
654 5312 1078 5405 moderata
1130 5346 1279 5431 pro
1332 5318 1858 5408 subsistentia
1905 5317 2616 5409 Missionariorum
2663 5336 2978 5443 quante
3027 5326 3270 5412 citius
3305 5384 3331 5433 ‚
3393 5342 3480 5415 et'
3527 5330 3780 5419 talem

412 5437 498 5520 in
550 5433 900 5524 sormam
970 5440 1233 5527 extrui
1284 5462 1782 5553 procurent,
1846 5460 1943 5524 ut
2001 5437 2216 5527 illud
2267 5439 2738 5530 aedificium
2801 5476 2953 5560 pro
3028 5466 3386 5564 quatuor
3431 5447 3779 5540 Patrum

408 5546 1115 5647 Missio'uario'rum
1148 5623 1171 5670 ‚
1227 5583 1312 5649 et
1361 5563 1609 5651 unius
1661 5561 1964 5650 Fratris
2020 5560 2249 5651 Laiei
2305 5564 2672 5652 incolatu
2721 5564 3268 5655 accomodum
3293 5631 3325 5674 ,
3403 5600 3498 5657 ac
3542 5602 3777 5688 prae-

656 5675 743 5763 T
730 5680 1018 5767 omJJ.
2718 5680 2811 5770 M
2847 5716 2935 5772 m
