4834 6409
370 638 552 698 cam
601 607 1086 699 Orationem
1144 606 1494 695 recitent
1541 627 1717 709 ,et
1769 594 2544 697 S·Sffiae·'I-'r3nitatis
2625 631 2866 715 opem
2902 648 2958 705 ,1
3000 631 3157 689 nec
3208 630 3374 688 non
3450 598 3756 715 Deipa-

364 760 504 817 rae
548 793 573 837 ,
655 754 740 816 et
801 731 880 815 S.
954 731 1299 814 Antonii
1353 727 2043 836 intercessionem
2123 725 2594 839 implorent.
2664 721 2861 807 Mox
2945 725 3289 834 assurgit
3365 723 3535 834 ipse
3586 783 3609 826 ,
3666 742 3759 817 ‚et

365 846 794 938 Fratribus
841 855 928 934 in
979 880 1249 961 genua
1301 845 1578 934 adhuc
1636 847 2138 960 provolutis,
2188 844 2653 956 generalem
2708 842 3339 931 Absolutionem
3391 872 3755 954 pronun·

368 972 554 1059 ciat.
626 970 820 1057 Post
887 970 1248 1055 universi
1309 999 1355 1054 e
1407 968 1716 1080 templo
1762 969 2096 1079 egressi,
2165 963 2267 1049 ad
2344 960 2701 1049 ferenda
2748 960 3129 1075 suffragia
3180 959 3633 1066 accedant,
3686 963 3753 1046 si

366 1092 565 1179 alibi
618 1092 943 1177 >electio
1013 1087 1384 1176 facienda
1449 1111 1635 1198 θεῖς
1700 1090 1763 1189 si
1827 1117 2024 1173 vero
2104 1088 2189 1174 in
2256 1079 2567 1171 eodem.
2627 1084 2939 1198 templo
2985 1146 3010 1188 ,
3095 1082 3458 1169 Aedituo
3541 1079 3754 1173 foras

366 1240 750 1322 egresso,
815 1234 1047 1325 porta
1111 1207 1524 1313 clauditur
1552 1243 1584 1308 3*
1632 1238 1906 1324 quam.
1947 1207 2264 1325 Janitor
2330 1204 2436 1287 ab
2499 1205 2871 1291 exteriori
2929 1225 3168 1319 ,parte
3236 1203 3744 1295 observabit.

254 1355 259 1358 ·
368 1333 525 1417 IX.
594 1337 1088 1447 Antequam·
1124 1326 1229 1411 ad
1294 1331 1487 1413 no-vi
1543 1327 1890 1413 Abbatis
1942 1325 2368 1411 Generalis
2419 1324 2909 1410 electionem
2974 1322 3463 1438 procedatur
3508 1387 3538 1425 ,
3607 1318 3748 1406 de-

361 1452 512 1539 bet
555 1455 679 1559 is3
744 1455 984 1563 cujus
1049 1444 1454 1546 Officium
1503 1449 1865 1561 expirat,
1922 1446 2297 1557 Sigillum
2318 1467 2483 1546 „et
2549 1441 2951 1529 Officium
3002 1448 3088 1529 in
3146 1443 3529 1529 manibus
3581 1442 3748 1528 He·

368 1600 920 1682 gumenonum
976 1570 1382 1677 resignare
1419 1629 1443 1674 ,
1508 1598 1604 1651 ac
1669 1564 2085 1680 deponere
2147 1569 2232 1649 in
2282 1562 2488 1649 haec
2538 1563 2814 1648 verba.
2879 1562 3338 1653 Reverendi
3389 1564 3688 1649 Patres
3713 1624 3745 1665 ,

362 1696 454 1774 in
503 1691 892 1774 manibus
945 1691 1234 1773 vestris
1268 1750 1293 1792 ,
1358 1691 1694 1803 resigno
1723 1748 1747 1791 ,
1800 1718 1904 1769 ac
1951 1683 2265 1797 depono
2336 1682 2748 1796 Officium
2823 1685 3184 1770 Abbatis
3255 1680 3692 1770 Generalis
3715 1743 3742 1786 ,

361 1807 593 1927 quod
661 1808 878 1893 mihi
953 1805 1342 1925 indigno.
1388 1808 1947 1923 Congregat'io
2033 1801 2473 1889 Generalis
2534 1807 2959 1889 commisit
3006 1868 3031 1908 ,
3115 1801 3537 1919 simulque
3614 1831 3744 1886 ve-

361 1936 602 2013 niam
643 1948 837 2042 peto
886 1926 990 2010 de
1048 1929 1432 2011 omnibus
1479 1925 1751 2036 culpis
1821 1956 1877 2008 a
1939 1923 2072 2008 me
2121 1928 2211 2006 in
2257 1953 2350 2005 eo
2400 1928 2890 2008 commissis.
2958 1924 3148 2008 Hoc
3199 1921 3422 2008 idem
3468 1919 3741 2009 facere.

363 2047 618 2136 debet
671 2049 1242 2164 unusquisque
1301 2046 1847 2155 Hegumenus
1922 2075 2194 2130 coram
2261 2042 2527 2161 electo
2608 2042 2941 2129 Abbate
3018 2042 3407 2129 Generali
3457 2103 3489 2144 ,
3552 2071 3748 2131 cum

363 2167 469 2254 ad
533 2169 1042 2254 Successoris
1110 2169 1235 2250 sui
1304 2166 1792 2251 electionem
1851 2160 2470 2277 procedendum
2551 2184 2728 2267 est,
2794 2160 3140 2268 dicens,
3209 2158 3747 2246 Reverendis-

363 2293 575 2375 sime
649 2288 912 2372 Pater
971 2292 1063 2368 in
1118 2288 1506 2369 manibus
1571 2289 1862 2397 uestris
1918 2288 2247 2400 resigno
2274 2344 2304 2384 ,
2365 2312 2470 2364 ac
2516 2278 2832 2394 depono
2891 2281 3272 2397 officium
3323 2281 3746 2396 Hegume·

363 2413 461 2493 ni
490 2472 515 2514 ,
566 2404 798 2526 quod
840 2406 1058 2489 mihi
1114 2402 1460 2522 indigno
1509 2408 2048 2489 commissum
2096 2421 2216 2485 est
2242 2464 2271 2503 ,
2331 2399 2769 2517 simulque.
2803 2406 3134 2489 veniam
3175 2417 3367 2513 peto
3412 2398 3520 2483 de
3570 2432 3746 2483 om·

360 2532 608 2612 nibus
653 2525 928 2640 culpis
977 2556 1036 2609 a
1103 2531 1382 2608 mein
1428 2556 1523 2609 eo
1593 2528 2082 2607 commissis.
2137 2521 2388 2605 Facta
2443 2543 2712 2606 tamen
2781 2524 3388 2633 resignatione,
3452 2521 3535 2603 in
3590 2551 3744 2605 suo

364 2648 609 2754 loco,
663 2670 746 2733 et
793 2643 1083 2732 ordine
1136 2642 1426 2730 tandiu
1503 2643 1806 2748 stabit,
1873 2640 2142 2728 donec
2195 2640 2630 2725 Successor
2696 2638 3179 2727 declaretur.
3235 2643 3321 2725 Si
3372 2670 3518 2753 per
3568 2639 3745 2723 obi-

361 2790 572 2874 tum,
623 2770 770 2853 aut
828 2767 1434 2880 promotionem
1505 2762 1852 2852 Abbatis
1914 2760 2368 2864 Generali5‚
2437 2782 2580 2845 aut
2625 2758 2965 2878 aliquod
3040 2760 3497 2872 legitimum
3565 2764 3761 2873 ejus,

363 2884 1054 2999 impedimentum
1091 2945 1121 2985 ,
1182 2881 1494 2969 electus
1541 2879 1792 2968 fuerit
1843 2883 2216 2966 Vicarius
2265 2878 2747 2989 Generalis3
2812 2883 2949 2966 hic
3012 2883 3261 2966 etiam
3339 2900 3530 2967 ante
3580 2881 3744 2964 ele·

364 3008 725 3090 ctionem
797 3006 991 3089 novi
1042 3002 1393 3087 Abbatis
1443 3001 1871 3088 Generalis
1922 2999 2366 3110 resignabit
2418 2995 2820 3085 Officium
2870 3003 2957 3085 in
3008 2997 3213 3086 haec
3261 3000 3538 3086 verba.
3590 3002 3743 3083 Re-

364 3123 943 3208 verendissimi
1006 3123 1301 3211 Patres
1333 3184 1364 3228 ,
1416 3128 1506 3204 in
1556 3125 1941 3205 manibus
1992 3124 2278 3204 vestris
2324 3122 2659 3238 resigno
2702 3181 2727 3223 ,
2788 3150 2911 3203 ac.
2951 3116 3268 3233 depono
3327 3117 3740 3233 Officium

369 3243 472 3332 V
461 3249 719 3327 icat-ii
769 3240 1210 3328 Generalis
1244 3304 1268 3347 ‚
1325 3240 1555 3359 quod
1613 3241 1829 3324 mihi
1893 3238 2236 3357 indigno
2295 3243 2835 3323 commissum
2914 3256 3036 3323 est
3094 3257 3248 3322 etc.
3305 3235 3543 3323 Idem
3615 3235 3743 3322 di-

365 3360 724 3448 cendum
778 3360 883 3448 de
930 3361 1265 3446 Vicario
1329 3360 1825 3472 Hegumeni.
1894 3359 2003 3442 X.
2063 3352 2663 3469 suffragiorum
2714 3355 2921 3443 ordo
2966 3380 3111 3445 est.
3166 3358 3493 3442 Primus
3569 3357 3737 3443 Ab..

363 3483 509 3567 bas
573 3481 1004 3569 Generalis
1055 3478 1161 3565 ad
1205 3511 1576 3567 mensam
1630 3477 2058 3585 accedens,
2110 3509 2355 3563 suum
2419 3474 2900 3588 suffragium
2966 3480 3050 3563 in
3104 3474 3497 3565 schedula
3551 3480 3742 3563 scri-

366 3603 513 3687 bat
545 3665 569 3706 ,
637 3603 975 3687 nomine
1039 3621 1369 3685 tantum
1439 3600 1680 3685 electi
1759 3628 2138 3712 expresso
2172 3655 2206 3702 ‚-
2261 3597 2422 3682 hoc
2480 3594 2755 3683 modo.
2821 3596 3074 3714 Eligo
3131 3592 3739 3683 Reverendissi-

366 3752 606 3806 mum
669 3723 1017 3806 Patrem
1099 3718 1219 3805 N.
1286 3725 1380 3802 in
1434 3718 1857 3803 Abbatem.
1911 3716 2409 3803 Gener-alem
2446 3723 2725 3801 nostri
2794 3714 3164 3802 Ordinis.
3233 3715 3451 3800 Tum
3505 3714 3739 3803 sche-

365 3840 658 3927 dulam·
687 3842 1032 3958 propriis
1080 3838 1978 3951 manibuscomplicet,
2019 3861 2264 3955 atque
2316 3841 2402 3921 in
2446 3859 3006 3951 praeparatam
3042 3838 3349 3921 Arcam
3396 3837 3735 3922 iniiciat.

368 3962 840 4076 Sequantur
888 3956 1328 4046 ordinatim
1377 3959 1679 4070 singuli
1730 3957 2194 4067 Hegumeni
2229 4020 2253 4062 ,
2311 3979 2599 4071 postea
2651 3956 3735 4055 Abbates.Provinciarum,

364 4101 450 4166 et
509 4079 1228 4182 Monasteriorum,
1279 4101 1692 4192 postremo
1742 4079 2036 4195 reliqui
2091 4077 2384 4161 Patres·
2447 4074 2847 4180 vocales,
2910 4074 3190 4160 habita
3243 4105 3563 4187 semper
3614 4103 3739 4158 ra.-

364 4203 592 4284 tione
642 4196 1148 4283 antianitatis
1207 4193 1750 4311 professionis.
1807 4198 1890 4280 Si
1953 4198 2136 4314 quis
2202 4196 2541 4281 Patrum
2607 4193 2967 4306 indigeat
3042 4224 3288 4308 opera
3358 4194 3737 4298 scribae,

364 4317 502 4403 hic
563 4338 1033 4428 suggestum
1095 4314 1202 4401 ab
1257 4315 1401 4400 illo
1463 4344 1763 4403 nomen
1831 4317 2134 4400 scribat
2208 4319 2294 4399 in
2378 4312 2834 4418 schedula,
2904 4343 3254 4431 eamque
3337 4314 3729 4427 plicatam

364 4440 520 4551 ipsi
591 4429 937 4539 reddat,
997 4436 1085 4518 in
1139 4431 1642 4550 praedictam
1691 4438 1994 4537 Arcam
2048 4435 2153 4519 ab
2225 4432 2523 4537 eodem
2587 4438 2913 4548 propria
2974 4465 3228 4518 manu
3278 4435 3548 4518 statim
3616 4432 3738 4516 di-

367 4552 885 4645 mittendam.
936 4553 1572 4655 XI.{Post-lata
1624 4549 2005 4683 suffragia
2058 4557 2142 4638 in
2199 4555 2474 4639 locum
2529 4584 2775 4638 suum
2836 4555 3407 4671 unusquisque
3477 4583 3739 4663 regre-

371 4674 704 4763 diatur:-
768 4676 943 4762 loca
997 4696 1274 4762 autem
1338 4698 1561 4760 extra
1635 4672 2070 4775 Cancellos
2125 4674 2424 4758 Altaris
2475 4669 2859 4786 disposita
2925 4695 3192 4758 erunt.
3260 4674 3481 4758 Tum
3540 4704 3733 4759 vero

363 4797 649 4883 Abbas
700 4795 1129 4911 Generalis
1178 4795 1398 4879 solus
1447 4825 1640 4880 cum
1692 4817 2048 4912 quatuor
2095 4794 2603 4906 Hegumenis
2638 4855 2663 4897 ,
2733 4815 2816 4877 et
2865 4788 3194 4879 duobus
3273 4827 3314 4879 a
3394 4794 3736 4878 Patrum

370 4937 613 4999 coetu
689 4913 793 4999 ad
855 4912 1421 5029 cognoscenda
1489 4910 1873 5024 suffragia
1936 4914 2213 4999 electis
2249 4975 2274 5019 ,
2344 4914 2901 4999 sanctuarium
2962 4917 3367 5025 ingressus
3417 4976 3441 5019 ,
3507 4911 3735 4999 sche-

323 5030 610 5119 -dulas
682 5064 779 5119 ex
843 5035 1062 5118 Arca
1126 5031 1543 5140 extrahat,
1607 5063 1797 5118 mox
1861 5057 2300 5144 numeret3
2365 5056 2449 5119 et
2494 5036 2560 5116 si
2612 5032 2951 5118 P-atrum
3007 5064 3449 5119 numerum
3496 5063 3738 5146 supe-

369 5184 553 5240 rent
590 5218 615 5258 ,
643 5214 648 5219 -
679 5177 824 5239 aut
870 5156 1213 5238 minime
1261 5176 1653 5270 aequent,
1690 5152 1983 5238 electio
2035 5184 2197 5238 non
2238 5154 2693 5257 constabit,
2748 5182 2901 5238 nec
2948 5150 3439 5267 aperiendae
3489 5176 3738 5238 erunt

361 5271 867 5378 schedulae,
932 5271 1079 5367 sed
1129 5276 1538 5360 continuo
1601 5273 1689 5358 in
1743 5301 1889 5357 vas
1953 5304 2165 5390 aqua
2227 5273 2654 5387 oppletum
2719 5274 3313 5384 immittantur,
3383 5295 3467 5359 et
3517 5300 3735 5358 nova

366 5394 666 5479 electio
709 5391 874 5479 fiat.
936 5393 1034 5479 Si.
1096 5422 1294 5480 vero
1368 5390 1948 5505 suffragiorum
1997 5423 2394 5479 numerus
2454 5394 2672 5479 bene
2739 5416 3057 5481 constet
3094 5456 3117 5499 ,
3187 5416 3393 5479 tunc
3442 5392 3731 5479 Abbas

363 5514 798 5600 Generalis
865 5513 1222 5624 singulas
1287 5510 2069 5599 schedulascoram
2134 5512 2697 5624 Hegumeuis,
2769 5537 2853 5599 et
2901 5510 3234 5599 duobus
3308 5510 3733 5622 suffragio-

367 5633 1204 5751 rumgCognitoribus
1273 5636 1631 5752 aperiat,
1699 5660 2172 5751 nomenque
2230 5629 2473 5722 electi
2539 5634 2806 5719 altiori
2873 5665 3078 5723 voce
3154 5635 3651 5751 pronunciet
3697 5694 3722 5740 ,
