4834 6409
3738 438 3844 521 ¹9

461 535 1083 643 intelleximus,
1144 532 1648 647 singularem
1704 532 1933 622 illam
2019 531 2281 620 animi
2348 531 3049 648 propensionem,
3138 557 3303 649 qua
3364 528 3595 642 prius
3660 556 3849 641 erga

465 661 855 748 Sineuses
903 657 1339 744 Missiones
1388 653 1905 759 ferebamur,
1969 655 2504 770 praecipuam
2554 656 2718 768 jam
2788 673 3156 738 nostram
3231 646 3851 738 solicitudinem

461 781 812 868 evasisse
844 842 877 885 ,
938 775 1296 895 ideoque
1342 775 1455 864 ad
1536 776 1973 864 Pastoralis
2017 771 2331 864 Officii
2386 776 2649 859 nostri
2719 770 3103 861 debitum
3149 801 3406 890 quam
3482 774 3838 859 maxime

467 900 891 1018 pertinere
938 897 1245 986 Christi
1276 895 1563 986 fideles
1622 896 1953 986 illarum
2005 898 2367 1012 partium
2417 896 2713 982 intima
2751 957 2778 1001 ,
2813 923 2909 981 ac
2955 893 3351 1010 peculiari
3402 887 3848 982 dilectione

470 1021 586 1108 ita
641 1019 1074 1136 complecti
1108 1084 1143 1126 ‚
1205 1042 1303 1106 ut
1350 1040 1872 1134 compertum
1912 1018 2311 1106 omuibus
2360 1013 2603 1106 fieret
2648 1016 3068 1110 neminem
3121 1039 3453 1119 eorum,
3499 1016 3650 1133 qui
3681 1043 3843 1108 ‚ve-

466 1158 660 1228 rum
706 1139 987 1228 Deum
1045 1172 1198 1255 per
1245 1170 1526 1229 veram
1573 1136 1831 1227 fidem
1880 1153 2394 1250 agnoscunt,
2460 1165 2764 1248 magno
2828 1137 3209 1254 quamvis
3272 1131 3846 1224 intercedente

468 1282 879 1349 terrarum
948 1265 1211 1375 spatio
1244 1324 1273 1369 ,
1337 1282 1508 1348 tam
1557 1256 1935 1348 dissitum
1982 1259 2166 1348 loco
2228 1293 2275 1350 a
2352 1258 2597 1348 nobis
2638 1288 2878 1363 esse,
2945 1259 3567 1375 ⁴quin-paterno
3607 1251 3853 1342 cordi

460 1403 751 1471 nostro
787 1379 1199 1470 -charitate
1246 1382 1663 1497 proximus
1713 1377 2143 1468 efficiatur.
2197 1379 2552 1466 Minime
2600 1378 2774 1466 Vos
2823 1380 3075 1484 latet,
3128 1398 3336 1494 quot
3371 1438 3397 1482 ‚
3462 1400 3849 1493 quantas·

461 1533 645 1621 que
690 1499 1184 1590 Pontificiae
1244 1503 1719 1612 vigilantiae
1769 1515 2379 1588 nostrae'curas
2427 1497 3108 1605 adhibuerimus,
3147 1519 3245 1582 ut
3292 1499 3847 1604 arctissimum

470 1620 643 1710 'hoc
674 1644 1149 1729 nostr-uuis
1183 1654 1283 1708 ae
1331 1622 1551 1710 bene
1599 1620 1864 1707 Nobis
1938 1644 2457 1738 perspeaum
2523 1619 2907 1708 debitum
2971 1650 3124 1735 pro
3175 1618 3493 1704 viribus
3558 1618 3848 1735 imple?-

470 1773 807 1850 remust,
852 1741 1241 1864 nihilque
1277 1742 1839 1860 quantumin
1889 1741 2460 1848 Nobiserat,
2537 1743 3042 1830 intentatum
3107 1737 3765 1857 relinqueremus
3811 1801 3840 1844 ,

533 1885 886 1950 uatenus
946 1863 1217 1951 'Vinea
1269 1862 1619 1948 Domini
1664 1924 1695 1966 ,
1762 1893 1977 1980 quae
2050 1885 2173 1952 est
2216 1863 2600 1952 „Ecclesia
2637 1922 2663 1970 ,
2750 1859 3000 1982 quam
3061 1858 3386 1946 scilicet
3445 1861 3628 1973 ipse
3695 1891 3844 1962 sua

462 1894 806 2072 dextera
856 1982 1307 2098 plantatam
1347 1982 1527 2093 ,Yet
1565 1985 1703 2068 sui
1748 1985 2173 2094 sanguinis
2220 1986 2490 2100 pretio
2546 2005 3004 2098 reparatam
3053 1979 3319 2065 Nobis
3377 1978 3858 2068 custod-ien-

468 2100 677 2192 dam
720 2101 1136 2210 tradidit,
1206 2102 1592 2217 palmites
1653 2134 1857 2192 suos
1929 2134 2198 2223 usque
2240 2100 2380 2191 ad
2456 2126 2877 2218 mare‚·et
2920 2102 3140 2196 ultra
3195 2104 3390 2214 ejus
3461 2106 3859 2200 terminos

468 2227 969 2341 propagines
1006 2255 1207 2310 suas
1242 2224 1495 2310 *latius
1532 2225 1631 2309 ‘in
1674 2221 1860 2314 dies
1892 2287 1925 2327 ,
1988 2247 2242 2342 atque
2289 2223 2614 2312 felicius
2655 2221 3181 2311 extenderet.
3231 2220 3557 2339 Neque‘
3599 2226 3860 2322 etiam

478 2343 654 2431 Vos
706 2345 970 2452 latet,
1024 2371 1274 2461 quam
1324 2344 1620 2455 long0‚
1678 2375 1946 2463 quam
2018 2367 2350 2434 maturo
2381 2359 2555 2452 ,et
2595 2377 2854 2464 quam
2935 2341 3314 2455 diligenti
3373 2343 3860 2456 praehabito

463 2466 853 2552 examine
926 2462 1351 2571 dudum‚·
1394 2462 1791 2552 videlieet
1865 2487 2245 2581 tempore·
2299 2464 2437 2553 fel.
2507 2498 2670 2554 rec.
2743 2465 3222 2554 Innooentii
3303 2462 3576 2578 Papae
3650 2464 3850 2551 XII.

470 2581 1134 2673 Praedecessoris
1183 2588 1440 2674 nostri
1484 2584 1942 2689 inchoato,
2008 2617 2109 2671 ac
2150 2584 2748 2702 deinde.jussu
2814 2608 3097 2678 nostro
3182 2590 3331 2700 p'er
3374 2586 3865 2698 plura-sane·

470 2733 635 2792 »nos
687 2710 1226 2813 continuato,
1282 2708 1719 2794 acerrimas
1762 2706 1948 2791 'illas
1988 2709 2569 2793 contentiones
2617 2711 2780 2820 jam
2839 2702 3436 2828 pridem‘inter
3470 2705 3859 2802 Sinenses

472 2821 1038 2913 Missionarios
1094 2828 1473 2931 exortas„
1512 2843 1829 2939 semper
1952 2856 2000 2912 e
2047 2829 2135 2910 iu
2179 2822 2361 2912 dies
2437 2829 2696 2937 magis
2746 2825 3410 2927 invalescentes,
3478 2846 3648 2912 tam
3688 2829 3855 2920 cir,-

464 2974 576 3030 ea
629 2944 1028 3062 quasdam
1106 2978 1350 3034 voces
1396 2947 1719 3034 Sinioas
1777 2978 1819 3032 a
1926 2947 2396 3054 Sanctum-3
2476 2970 2570 3033 et
2612 2940 3050 3031 ineffabile
3111 2943 3275 3030 Dei
3333 2943 3660 3036 Nomen
3723 2978 3866 3034 ex·

465 3064 1009 3176 primendum
1058 3067 1269 3152 inibi
1320 3089 1800 3179 usurpatas,
1870 3097 2150 3184 quam‘
2185 3069 2401 3156 cirea
2456 3061 3243 3161 nonnullos‘earum
3295 3068 3683 3175 gentium
3742 3071 3852 3156 ri·

486 3205 675 3288 tus,
724 3184 991 3270 veluti
1042 3187 1637 3297 superstitiosos
1687 3218 1731 3269 a
1782 3183 2283 3303 quibusdam
2326 3218 2435 3274 ex
2486 3185 3024 3274 Missionariis
3073 3185 3514 3300 praedictis
3578 3221 3857 3303 repro·

442 3299 775 3388 -hatosz
830 3304 937 3387 ab
988 3303 1167 3386 aliis
1216 3335 1472 3409 vero,
1520 3328 1810 3419 utpote
1851 3333 1995 3396 eos
2044 3307 2329 3398 civiles
2373 3321 2704 3394 tantum
2749 3305 3369 3413 asserentibus,
3420 3313 3856 3422 permissos

476 3422 940 3535 Apostolic'i
982 3419 1285 3536 ‘judicii
1328 3455 1682 3514 censura
1737 3422 2136 3518 dirimere
2189 3423 2820 3534 studuerimus,
2879 3429 3159 3514 ut-ita
3209 3426 3558 3524 sublatis
3622 3428 3867 3518 dissi·

466 3536 642 3628 diis
718 3542 1239 3632 Christianae
1296 3544 1804 3656 Religionis,
1859 3537 2523 3668 Catholicaeque
2604 3545 2846 3636 Fidei
2926 3551 3601 3664 propagationem
3691 3574 3864 3639 tur·

472 3660 941 3772 bentibus,
1007 3695 1298 3752 omnes
1368 3664 1715 3754 tandem
1777 3663 1874 3756 id
1937 3668 2213 3782 ipsum
2272 3665 2657 3758 dicerent
2717 3671 2805 3755 in
2863 3666 3167 3758 eodem
3226 3702 3481 3758 sensu
3519 3735 3556 3783 ρ
3605 3693 3714 3762 -et
3774 3676 3864 3762 in

468 3779 778 3871 eadem
831 3789 1236 3873 sententia
1269 3848 1294 3892 ‚
1377 3816 1721 3904 unoque
1757 3817 1911 3876 ore
1954 3783 2559 3898 glorificaretur
2605 3788 2839 3878 Deus
2896 3789 3011 3875 ab
3071 3792 3229 3899 iis,
3293 3795 3444 3910 qui
3508 3793 3867 3882 sanctifi-

468 3905 648 3990 cati
698 3929 896 3992 sunt
961 3908 1049 3994 in
1117 3904 1449 3993 Christo
1497 3906 1721 3994 Jesu.
1794 3907 2438 4002 .Simili·ter,nec
2510 3911 2964 4022 ignoratis,
3017 3934 3281 4030 quot,
3348 3916 3860 4035 quantisque

472 4020 843 4130 studiis,
911 4047 1163 4144 atque
1230 4027 1655 4118 laboribus
1737 4058 1951 4122 nova
1999 4028 2198 4138 illa,
2254 4061 2480 4151 quae
2541 4030 2673 4117 bis
2753 4036 3114 4143 peractis
3176 4034 3562 4122 inimicus
3610 4033 3866 4124 homo

474 4147 1240 4257 superseminavit,
1303 4150 1665 4254 zizania,
1726 4170 1829 4240 ut
1898 4179 2193 4236 eorum
2218 4175 2261 4258 5
2296 4167 2525 4267 quae
2593 4183 2641 4240 a
2703 4147 3191 4241 Nobis'hac
3243 4147 3485 4269 in're
3530 4151 3868 4250 decreta

480 4259 874 4372 fuerant,
952 4265 1591 4356 observantiam·
1636 4266 2017 4357 eluderet
2055 4332 2091 4378 ‚
2146 4270 2514 4361 evellere
2569 4275 3146 4360 curaverimus
3189 4309 3217 4356 τ
3287 4307 3384 4364 ea
3462 4278 3861 4365 nimirum

475 4404 689 4470 ‚ante
727 4406 1087 4501 quatuor
1134 4415 1400 4472 annos
1432 4384 1671 4474 edita
1712 4386 2397 4499 Constitutione,
2475 4424 2649 4512 qua
2727 4390 3067 4481 decreta
3151 4392 3638 4511 hujusmodi
3689 4429 3871 4488 exa-

478 4523 675 4611 cte,
736 4505 1116 4617 'integ-re,
1174 4529 1435 4624 atque
1496 4507 2095 4596 'inviolabiliter
2132 4512 2557 4601 observari
2603 4516 3196 4629 'praecepimus
3232 4578 3256 4624 ,
3321 4519 3869 4638 quibuscum-
3941 4623 3944 4626 Α

482 4653 652 4830 Sue
696 4624 1163 4713 rationibus
1190 4689 1216 4733 ‚
1293 4658 1448 4714 seu
1494 4631 2166 4718 excusationibus
2210 4628 2337 4719 'ad
2382 4634 2718 4720 illorum
2779 4640 3352 4724 executionem
3434 4637 3862 4730 declinau-

551 4774 713 4829 am-
763 4745 1035 4834 allatis
1104 4747 1614 4862 amplissime
1674 4753 2030 4867 rejectis.
2099 4751 2378 4839 Nostis
2453 4777 2933 4867 praeterea,
3009 4787 3291 4875 quae,
3372 4784 3459 4847 et
3545 4787 3862 4879 quanta
3965 4831 3968 4832 f
4049 4817 4061 4828 ·

470 4862 765 4977 ,elapso
814 4897 1041 4952 anno
1080 4898 1191 4954 ex
1234 4869 1629 4956 Sinarum
1691 4872 2068 4986 partibus
2114 4875 2506 4962 nunciata
2560 4874 2874 4963 fuerint
2917 4872 3030 4964 de
3073 4883 3329 4967 novis
3377 4882 3586 4967 inibi
3653 4890 3870 4972 exci-

488 4987 681 5068 tatis
712 4986 1059 5093 ·turbis,
1107 5007 1546 5106 postquam
1604 5015 2056 5079 memorata
2106 5017 2383 5082 nostra
2451 4994 2960 5083 Constitutio
3009 4999 3144 5086 vix
3195 5001 3403 5096 illue
3470 5033 3871 5116 pervene-

482 5124 633 5190 rat.
701 5104 983 5193 Nostis
1044 5105 1644 5218 difficultates,
1713 5111 2373 5230 impedimenta,
2450 5114 3000 5226 discrimina,
3067 5152 3285 5239 quae
3367 5123 3589 5209 illius
3682 5156 3868 5239 pro·

481 5223 985 5336 mulgationi
1032 5230 1697 5318 intercesserunt.
1750 5232 2028 5320 Nostis
2094 5237 2413 5346 minas,
2464 5269 2898 5326 aerumnas
2934 5300 2959 5345 ‚
3011 5244 3678 5356 perturbationes
3729 5245 3874 5336 ad·

486 5374 778 5432 versus
822 5348 1315 5463 'Europaeos
1370 5380 1676 5437 omnes·
1708 5414 1738 5458 ‚
1803 5386 1901 5441 ae
1961 5358 2481 5471 potissimum
2541 5359 2980 5471 Evangelii
3031 5393 3478 5476 praecones
3528 5393 3869 5460 exortas.

487 5461 770 5554 Nostis
824 5464 1164 5556 demum
1195 5527 1221 5580 ,
1288 5474 1634 5592 quinam
1694 5474 2081 5587 vulgatus
2128 5475 2387 5566 fuerit
2430 5511 2712 5567 rumor
2760 5482 2867 5567 de
2920 5481 3289 5570 Sinensis
3340 5484 3870 5601 Imperatoris

496 5582 1124 5701 indignatione,
1176 5615 1724 5714 susceptoque
1772 5592 1976 5704 inde
2028 5628 2192 5686 non
2244 5602 2470 5691 inani
2535 5619 2822 5710 metu,⁴
2887 5600 3123 5806 qgod
3172 5635 3267 5694 ex
3339 5610 3729 5702 universo
3784 5612 3877 5697 il·

3065 5756 3113 5810 2
