4834 6409
398 610 675 699 duetis
740 638 835 693 ex
894 601 1359 692 rationabili
1412 601 1653 688 causa
1692 663 1717 705 ,
1782 624 1866 687 et
1922 600 2350 714 legitima,
2398 625 2649 711 super
2695 616 2894 692 voto
2944 592 3399 698 castitatis,
3453 620 3619 680 non
3671 614 3789 678 ta..

404 763 595 818 men
651 730 1054 831 solemni,
1108 720 1738 844 quomodolibet
1813 724 2063 809 etiam
2136 752 2285 837 per
2328 716 2713 806 ·Ordin'is
2799 714 3025 802 Sacri
3120 716 3785 831 susceptionem,

405 853 559 939 vel
593 847 1115 966 professionis
1166 844 1561 956 regularis
1611 847 1695 928 in
1752 843 2181 954 Religione
2216 835 2708 956 per'Sedem
2757 834 3317 951 Apostolicam
3379 833 3784 950 approba·

410 996 488 1058 ta
543 973 1065 1057 emissionem
1114 963 1336 1052 sacto
1369 1029 1398 1068 ,
1448 987 1531 1049 et
1564 995 1808 1079 super
1853 965 2381 1050 matrimonio
2433 957 2539 1048 de
2579 955 2818 1046 facto
2855 1020 2879 1063 ,
2947 977 3029 1042 et
3081 958 3170 1041 in
3220 952 3430 1043 facie
3496 955 3778 1042 Eccle-

412 1097 574 1178 siae
604 1155 629 1196 ,
684 1093 855 1176 sive
903 1091 1257 1174 scienter
1290 1149 1321 1190 ,
1369 1088 1543 1172 sive
1588 1088 2066 1196 ignoranter
2096 1103 2542 1170 contracto
2571 1143 2599 1183 ‚
2651 1101 2738 1164 et
2779 1079 3080 1195 quovis
3130 1076 3465 1166 occulto
3526 1079 3784 1192 impe·
3838 1161 3844 1170 ,

308 1285 323 1296 ,
413 1213 840 1313 diruente,
921 1229 1244 1323 praeter
1292 1206 1541 1321 primi
1614 1203 1979 1317 gradus,
2056 1227 2391 1319 propter
2444 1197 2676 1319 quod
2765 1200 2923 1284 tale
2988 1199 3608 1308 matrimonium
3690 1199 3778 1282 in

415 1331 911 1418 conscientia
952 1350 1160 1416 esset
1206 1322 1664 1415 invalidum
1706 1389 1731 1433 ,
1785 1349 1869 1413 et
1917 1323 2502 1418 contrahentes
2544 1323 2722 1406 sine
2769 1316 3160 1407 scandalo
3207 1321 3559 1434 separari
3609 1345 3782 1403 non

415 1471 753 1565 possent
788 1513 811 1557 ‚
866 1444 1453 1563 dispensandi,
1519 1449 1766 1558 gratis
1811 1463 2161 1552 tamen,
2215 1467 2299 1530 et
2372 1445 2459 1528 in
2522 1438 2703 1528 foro
2761 1440 3308 1527 conscientiae
3393 1461 3769 1525 tantum:

419 1575 549 1657 Ac
595 1601 845 1684 super
886 1569 1132 1655 bonis
1180 1567 1406 1653 male
1455 1569 1875 1684 acquisitis
1908 1628 1934 1670 ,
2004 1589 2090 1651 et
2134 1593 2347 1684 quae
2399 1558 2905 1648 restituenda
2965 1561 3120 1674 ipsi
3172 1557 3591 1673 Neophyti
3621 1618 3645 1664 ‚
3699 1577 3784 1644 et

418 1692 551 1775 alii
604 1687 941 1805 praefati
995 1692 1326 1775 incertis
1372 1688 1741 1802 personis
1791 1687 2132 1798 obligati
2210 1685 2630 1772 extiterint
2661 1744 2689 1790 ,
2751 1711 2947 1770 cum
2998 1683 3115 1767 eis
3168 1677 3273 1766 ad
3337 1711 3585 1795 opera
3648 1680 3783 1793 pia

422 1807 1039 1925 componendi,
1102 1809 1236 1894 vel
1285 1812 1351 1892 si
1405 1809 1556 1922 ipsi
1607 1805 2079 1918 indigerent
2139 1809 2224 1890 in
2279 1827 2510 1909 tote,
2593 1802 2730 1892 vel
2799 1805 2894 1890 in
2956 1825 3189 1916 parte
3240 1796 3779 1911 remittendi;

423 1961 577 2016 nec
629 1962 795 2015 non
850 1962 1043 2015 cum
1093 1927 1323 2014 Indis
1368 1930 1457 2011 in
1511 1925 1690 2012 soro
1739 1927 2290 2018 conscientiae
2362 1946 2685 2011 tantum
2717 1989 2746 2029 ,
2811 1945 2896 2011 et
2943 1955 3137 2011 cum
3185 1920 3646 2038 Neophytis
3692 1922 3783 2008 in

421 2072 775 2167 utroque
856 2048 1034 2138 foro
1110 2079 1357 2160 super
1408 2048 1805 2154 ieiuniis,
1882 2049 2133 2159 gratis
2204 2068 2484 2133 tamen
2553 2042 3144 2160 dispensandi,
3222 2073 3380 2132 nec
3456 2071 3627 2128 non
3680 2037 3789 2126 ab

421 2200 672 2255 onere
721 2172 1139 2286 petitionis
1191 2165 1452 2252 debiti
1538 2168 2154 2254 matrimonialis
2191 2229 2215 2273 ,
2290 2162 2630 2286 quando
2678 2183 2850 2252 non
2899 2187 3112 2254 esset
3195 2164 3519 2250 licitum
3568 2155 3781 2250 illud

424 2289 739 2375 ratione
787 2292 961 2376 voti
1013 2289 1437 2392 castitatis,
1491 2286 1626 2373 vel
1675 2290 1830 2374 alia
1880 2287 2346 2375 rationabili
2399 2317 2640 2373 causa
2677 2309 2956 2400 petere
3004 2288 3091 2370 iu
3129 2282 3308 2371 foro
3346 2284 3777 2370 conscien-

423 2410 584 2492 tiae
620 2429 998 2511 tantum‚
1052 2430 1135 2493 et
1181 2411 1427 2518 gratis
1479 2405 1882 2494 liberandi
1913 2444 1938 2519 3
1969 2409 2559 2524 licentiamque
2596 2403 2926 2517 legendi
2976 2406 3228 2492 libros
3268 2401 3777 2505 lnfidelium,

423 2557 517 2611 ac
572 2525 1195 2616 Haereticorum
1251 2589 1275 2631 ,
1345 2558 1507 2614 nec
1573 2559 1734 2618 non
1804 2559 2539 2648 quorumcumque
2614 2527 2966 2615 aliorum
3007 2589 3031 2634 ,
3093 2549 3264 2614 tam
3331 2527 3416 2611 in
3499 2521 3789 2617 Indice

422 2645 794 2731 Romano
828 2710 857 2749 ,
886 2653 1135 2765 quam
1189 2648 1385 2733 alias
1432 2644 2064 2766 quomodolibet
2115 2646 2634 2759 prohibitos,
2679 2671 2766 2735 et
2819 2645 3290 2752 damnatos,
3345 2641 3467 2734 ad:
3502 2641 3787 2754 finem,

422 2788 504 2850 et
552 2762 942 2851 effectum
1028 2765 1454 2854 dumtaxat
1540 2763 2018 2882 hujusmodi
2094 2767 2412 2869 libros,
2479 2769 2614 2854 vel
2697 2766 3128 2872 haereses,
3203 2789 3300 2853 et.
3336 2793 3649 2876 errores
3700 2765 3787 2846 in

428 2889 546 2970 eis
606 2909 1039 2972 contentos
1087 2885 1572 2974 confutandi
1634 2886 1739 2974 ad
1791 2888 2044 2976 breve
2093 2908 2469 2999 tempus,
2546 2886 2685 2972 vel
2733 2916 3169 3004 quousque
3225 2879 3634 3000 ejusmodi
3686 2882 3780 2966 li-

422 3005 764 3090 brorum
847 3004 1549 3114 confutandorum
1623 3007 1869 3098 lectio
1922 3010 2367 3098 necessaria
2448 3002 2698 3091 fuerit
2741 3009 3112 3119 personis
3178 3004 3448 3116 dignis
3493 3032 3787 3090 conce-

424 3123 681 3207 dendi
731 3121 1207 3211 facultatem
1226 3137 1267 3231 ⁰,
1307 3151 1391 3213 et
1436 3150 1920 3243 potestatem
1959 3190 1981 3236 ,
2037 3127 2512 3240 Apostolica
2561 3130 3066 3214 auctoritate·
3089 3149 3374 3214 tenore
3415 3153 3804 3239 praesen-

426 3244 639 3326 tium
707 3241 1200 3356 tribuimus,
1240 3267 1362 3332 ‘et
1409 3249 1949 3359 impertimur.
2016 3246 2303 3333 Missas
2353 3276 2692 3366 quoque
2769 3277 2923 3362 per
2975 3245 3264 3334 horam
3315 3268 3510 3331 ante
3557 3275 3794 3330 auro-

424 3393 599 3446 ram
653 3364 801 3475 ipsi
850 3362 1135 3451 Patres
1184 3367 1608 3453 Societatis
1655 3369 2070 3456 celebrare
2129 3371 2448 3482 poss—int
2483 3428 2506 3472 ,
2573 3390 2653 3454 et
2717 3398 2914 3454 cum
2957 3369 3127 3453 suis
3179 3364 3727 3476 Regularibus
3757 3428 3796 3471 ‚-

430 3503 527 3566 ut
575 3478 682 3566 ad
736 3482 1037 3569 Sacros
1094 3488 1345 3572 etiam
1428 3486 2052 3601 presbyteratus
2103 3486 2465 3574 Ordines
2512 3519 2660 3602 per
2709 3519 3023 3574 annum
3076 3509 3267 3598 ante
3345 3485 3794 3596 legitimam

424 3622 773 3688 aetatem
826 3608 1293 3717 promoveri
1346 3609 1713 3721 possint,
1798 3604 2265 3723 dispensare
2342 3607 2724 3714 valeant,
2787 3609 3162 3694 similiter
3212 3601 3777 3691 concedimus.

419 3719 538 3806 Et
626 3723 962 3837 insuper
1009 3786 1033 3831 ,
1101 3729 1294 3846 quia
1358 3759 1403 3811 a
1491 3727 1913 3812 nonnullis
1997 3725 2475 3813 dubitatum
2514 3790 2538 3834 ,
2621 3760 2774 3817 seu
2837 3728 3326 3830 haesitatum
3405 3723 3567 3811 fuit
3606 3789 3630 3834 ‚
3686 3713 3798 3813 art

424 3845 714 3926 omnes
765 3839 1214 3955 Indigenae
1260 3845 1585 3931 illarum
1641 3847 2106 3958 Regionum
2163 3843 2552 3956 oriundi,
2606 3872 2690 3933 et
2741 3849 3151 3936 naturales
3185 3907 3212 3953 ‚
3268 3873 3349 3933 et
3400 3845 3796 3931 Christia-

425 3990 723 4045 norum
775 3960 1363 4075 Indigenarum
1414 3968 1659 4062 etjam
1711 3968 2317 4082 baptizatorum
2369 3965 2587 4072 filii,
2651 3971 2898 4056 etiam
2947 3970 3034 4054 in
3085 3998 3373 4056 eorum
3445 3964 3795 4053 infantia
3850 4029 3859 4052 .

421 4077 815 4193 baptizati
883 4087 1067 4196 jure
1126 4082 1555 4199 'Neophyti
1620 4086 2014 4201 appellari
2077 4090 2447 4202 possint3
2530 4085 2853 4174 ldcirco
2935 4111 3219 4175 tenore
3304 4085 3788 4174 earumdem

424 4204 979 4326 praesentium
1033 4201 1613 4311 decernimus,
1691 4228 1773 4292 et
1817 4203 2332 4293 declaramus
2370 4268 2394 4312 ,
2459 4237 2745 4294 omnes
2806 4205 3254 4312 oriundos,
3333 4238 3477 4293 seu
3552 4232 3789 4293 natu·
3907 4227 3914 4234 '

429 4317 639 4402 rales
685 4319 1342 4434 supradictarum
1397 4327 1777 4410 omnium
1866 4346 2033 4413 tam
2105 4327 2662 4413 Orientalium
2699 4389 2723 4434 ,
2791 4359 3045 4447 quam
3110 4326 3784 4414 occidentalium

422 4439 840 4549 partium,
924 4442 1093 4525 imo
1151 4444 1473 4530 etiamsi
1551 4442 2051 4562 Aethiopes,
2138 4447 2616 4566 Angulani,
2668 4448 2802 4535 vel
2865 4452 3349 4568 quarumvis
3433 4450 3787 4538 aliarum

426 4555 1195 4646 Transmarinarum
1248 4563 1709 4678 Regionum
1743 4628 1774 4669 ‚
1808 4569 2154 4656 ‘etiamsi
2204 4565 2891 4653 Christianorum
2951 4566 3106 4654 filii
3142 4633 3171 4674 ,
3237 4594 3322 4655 et
3383 4572 3466 4654 in
3522 4565 3802 4655 Infan-

423 4678 534 4761 tia
587 4675 1040 4792 baptizati,
1106 4682 1240 4768 vel
1291 4686 1540 4769 etiam
1592 4688 1805 4772 inter
1855 4718 1942 4773 se
1982 4750 2006 4792 ,
2084 4688 2224 4775 vel
2304 4719 2504 4773 cum
2554 4687 2965 4802 Europeis
3013 4693 3334 4775 mixtim
3397 4693 3806 4805 progeniti

424 4796 641 4901 sint,
696 4793 800 4881 ad
839 4805 1387 4889 concessionis
1437 4802 1916 4919 hujusmodi
1970 4804 2366 4894 effectum
2418 4838 2648 4916 esse,
2696 4830 2782 4895 et
2834 4809 3181 4921 intelligi
3229 4808 3534 4898 debere
3589 4811 3806 4895 Neo-

422 4912 724 5029 phytos
762 4978 787 5024 ,
828 4915 1260 5040 dictosque
1310 4922 1842 5038 presbyteros
1896 4958 2089 5013 cum
2139 4926 2676 5043 hujusmodi,
2718 4952 2812 5014 ut
2858 4930 2994 5016 vel
3047 4933 3571 5016 matrimonio
3605 4960 3804 5016 con·

422 5037 718 5148 jungi3
779 5038 918 5122 vel
981 5043 1063 5126 in
1118 5047 1287 5153 jam
1339 5066 1762 5170 contracto
1839 5078 2264 5134 remanere
2313 5051 2687 5162 possint,
2778 5053 2952 5136 sive
3003 5080 3289 5138 eorum
3372 5054 3576 5140 alter
3625 5075 3802 5136 tan·

424 5175 610 5296 tum
647 5216 678 5258 ,
740 5159 912 5243 sive
963 5163 1210 5245 etiam
1262 5183 1615 5281 uterque
1693 5163 1890 5253 inde
1951 5163 2357 5252 oriundus
2403 5233 2433 5273 ,
2497 5199 2592 5255 ac
2654 5173 2984 5285 proprie
3058 5168 3459 5282 Indigena
3538 5174 3644 5255 sit
3720 5173 3805 5259 in

426 5273 627 5360 locis
657 5336 709 5382 ,.
752 5296 837 5363 et
887 5278 1080 5364 alias
1127 5283 1224 5370 ut
1270 5311 1516 5395 supra
1591 5285 1670 5368 in
1726 5284 2399 5406 quibuscumque
2470 5294 3199 5401 consanguinitatis
3250 5352 3274 5397 ,
3341 5291 3474 5376 vel
3527 5283 3795 5376 affini·

423 5395 612 5480 tatis
676 5392 1067 5516 gradibus
1118 5397 1322 5488 Jure
1370 5399 1730 5512 Divino,
1782 5430 1878 5492 ut
1926 5415 2165 5521 supra
2229 5423 2397 5493 non
2471 5409 2924 5524 'prohibitis
2959 5472 2984 5521 ,
3033 5414 3307 5527 primo
3339 5433 3730 5525 2excepto
3778 5479 3802 5521 ‚

426 5537 509 5600 et
556 5514 750 5602 alias
800 5539 894 5603 ut
954 5518 1413 5646 praefertur
1451 5584 1479 5630 ,
1540 5526 1785 5633 gratis
1834 5548 2110 5614 tamen
2190 5524 2666 5644 dispensare
2745 5563 2985 5646 posse
3035 5527 3571 5619 concedimus
3625 5597 3651 5635 ,
3717 5558 3804 5622 et

428 5629 985 5751 indulgemus.
1048 5640 1284 5755 Quin
1348 5644 1597 5734 etiam
1634 5708 1660 5755 ,
1713 5647 1909 5769 quia
1960 5644 2433 5738 de'mixtim
2486 5655 2990 5769 progenitis,
3040 5677 3250 5773 quos
3295 5657 3592 5743 mixtos
3641 5671 3828 5741 vo*-
