4834 6409
408 579 675 674 modo
711 578 821 671 a‘d
869 577 1385 668 Catholicam
1432 577 1901 671 Ecclesiam
1948 577 2344 692 redeant,
2410 581 2870 703 eorumque
2921 579 3395 674 orthodoxis
3433 495 3789 675 '511chss

407 705 733 792 sorihus
780 701 1441 791 condonaremus
1488 701 2141 792 universanbona
2203 704 2395 813 illa,
2462 735 2678 823 quae
2750 708 2836 791 in
2899 705 3248 793 Ditione
3334 703 3790 793 charissimi

409 827 503 911 in
554 823 896 911 Christo
944 824 1134 908 Filii
1182 824 1435 908 nostri
1487 821 1887 912 Friderici
1936 827 2293 936 Augusti
2371 827 2617 937 Regis
2665 825 3055 913 Poloniae
3105 849 3530 945 tamquam
3583 826 3791 915 Ele·

412 948 663 1033 ctoris
714 946 1109 1034 Saxoniae
1152 944 1304 1028 sita
1334 966 1600 1057 suut-3
1650 941 2361 1065 quemadmodum
2411 950 2673 1061 reipsa
2723 949 3273 1054 remittimus,
3339 968 3444 1034 et‘
3474 944 3788 1034 condo·

413 1095 765 1176 namus3
825 1067 1033 1150 itaut
1079 1065 1361 1181 neque
1400 1063 1575 1150 Nos
1624 1067 1777 1183 ipsi
1812 1066 2144 1184 ‚neque
2193 1068 2716 1153 Successores
2768 1070 3082 1177 nostri,
3137 1067 3572 1187 multoq'ue
3623 1069 3788 1154 mi-
3857 1174 3861 1178 4

415 1214 583 1272 nus
635 1184 786 1272 alia
822 1187 1171 1301 quaevis
1216 1183 1591 1272 Ecclesia
1622 1247 1650 1292 ‚
1714 1211 1857 1273 aut
1921 1215 2261 1301 persona
2316 1184 2774 1307 quidquam
2824 1190 3027 1301 juris
3074 1187 3160 1274 in
3209 1218 3303 1275 ea
3351 1188 3570 1274 bona
3623 1188 3788 1274 sibi

419 1333 522 1392 eo
570 1305 905 1391 nomine
956 1302 1387 1393 vindicare
1432 1309 1710 1419 possita
1772 1303 1917 1391 Ad
1983 1312 2219 1424 cujus
2270 1311 2390 1394 rei
2466 1309 3070 1393 solemnitatem
3106 1370 3130 1414 ,
3188 1306 3282 1393 'et
3331 1307 3781 1394 ‘authenti-

419 1454 594 1510 cam
645 1446 1019 1511 actorum
1079 1421 1338 1511 fidem
1401 1424 1718 1513 Literas
1778 1429 2289 1542 Apostolicas
2354 1425 2768 1513 dedimus.
2823 1427 3035 1514 Fore
3087 1449 3364 1513 autem
3411 1425 3776 1513 confidi-

405 1573 594 1658 mus
630 1606 657 1652 ,
722 1565 822 1631 ut
881 1575 1091 1666 quos
1139 1545 1832 1634 calumniatorum
1886 1548 2213 1634 licentia
2265 1543 2504 1636 a'via‘
2543 1549 2907 1636 veritatis
2955 1544 3352 1653 abduxit,
3418 1543 3602 1633 hoc‘
3633 1578 3785 1633 no-

407 1684 619 1752 strae
669 1663 1083 1752 charitatis
1131 1661 1408 1751 studio
1458 1667 1972 1777 intelligant,
2038 1701 2083 1754 a
2134 1667 2395 1754 Nobis
2446 1689 2744 1754 cuncta
2797 1665 3202 1774 conferri,
3268 1689 3368 1752 ut
3414 1690 3781 1782 reporte-

409 1782 905 1873 mus-finem
954 1782 1155 1871 fidei
1207 1808 1528 1874 nostrae
1575 1787 1923 1873 salutern
1977 1790 2466 1876 animarum.
2531 1788 2855 1874 Interea
2918 1788 3248 1875 Patrem
3315 1788 3776 1875 misericor-

409 1898 735 1992 diarum
784 1906 1195 2019 supplices
1242 1935 1573 2016 oramus
1603 1969 1627 2015 ‚
1679 1938 1773 1993 ac
1823 1906 1894 1989 F
1901 1912 2472 1994 faternitatum
2524 1929 2975 1995 vestrarum
3027 1938 3315 2024 preces
3365 1908 3776 2023 supplica-

406 2026 778 2111 tionibus
827 2027 1125 2111 nostris
1175 2029 1558 2139 cupimus
1604 2029 2048 2113 consociari
2087 2091 2111 2134 ,
2195 2052 2287 2114 nt
2346 2027 2504 2114 hoc
2551 2029 2999 2114 voluntatis
3053 2059 3149 2114 ac
3197 2026 3773 2143 providentiae

407 2168 735 2232 nostrae
784 2142 1197 2261 judicium
1247 2147 1572 2233 coelesti
1620 2144 2204 2235 benedictione
2253 2144 2656 2237 secundet
2704 2210 2729 2254 ‚
2794 2172 2879 2235 et
2940 2146 3450 2234 abundantia
3511 2151 3772 2265 pieta·

407 2267 517 2350 tis
581 2296 778 2351 suae
846 2262 1295 2385 aliquando
1339 2264 1760 2380 perficiat,
1826 2288 1921 2352 ut
1988 2299 2158 2354 non
2220 2267 2470 2355 modo
2521 2262 2923 2375 Saxonia',
2975 2265 3120 2355 sed
3171 2290 3490 2355 ceterae
3543 2300 3767 2386 quo-

408 2414 597 2503 que-
629 2383 1163 2491 Provinciae,
1228 2416 1441 2503 quae
1490 2420 1533 2472 a
1583 2386 1848 2473 Nobis
1895 2413 2466 2496 recesserunt,
2530 2411 2615 2476 et
2660 2419 2811 2505 pro
2861 2388 3170 2508 quibus
3217 2391 3579 2474 animam
3628 2420 3784 2504 po-

408 2535 611 2592 nere
667 2507 931 2619 parati
976 2535 1258 2591 sumus
1291 2563 1337 2610 ,-
1387 2507 1804 2592 erroribus
1850 2509 2018 2592 suis
2067 2508 2408 2623 abjectis
2442 2573 2467 2617 ‚
2531 2539 2815 2597 veram
2867 2533 2956 2596 et
3035 2509 3486 2619 legitimam
3535 2539 3773 2595 suam

407 2623 765 2710 Matrem
809 2623 1269 2732 Ecclesiam
1321 2623 1838 2713 Catholicam
1889 2628 2450 2743 Apostolicam
2500 2626 2957 2716 Romanam
3033 2626 3266 2716 filiali
3332 2627 3774 2718 observan-

409 2747 522 2832 tia
573 2767 1020 2857 agnoscant
1066 2768 1152 2832 et
1197 2768 1829 2866 prosequantur.
3363 2781 3372 2788 ·

416 2986 927 3074 constitutio
975 3015 1149 3102 qua
1197 2986 1683 3073 Saaeom'hus
1734 2991 1842 3075 ab
1890 2971 2218 3073 haeresi
2272 2986 2394 3072 ad
2437 2986 2989 3073 catholicam
3024 2987 3305 3106 fidem
3374 2992 3785 3076 conversis

848 3141 865 3150 ‘
892 3104 1497 3193 Ecclesiastiea
1556 3110 1768 3193 bona
1800 3173 1832 3213 ,
1881 3139 2101 3229 quae
2140 3107 2580 3223 possident
2601 3172 2626 3216 ,
2690 3106 3288 3198 condonantur.

890 3346 1911 3463 CLEMENS
2040 3327 3292 3472 EPISCOPUS

1460 3653 1469 3660 .
1565 3589 1869 3701 Servus
1932 3529 2618 3688 ‘Servorum-Dei.
2675 3653 2690 3662 -
2881 3531 2890 3542 ἦ
3027 3563 3052 3592 ”
3347 3529 3360 3538 1
3601 3521 3610 3532 ·

1312 3830 1503 3927 Ad
1546 3853 2042 3957 perpetuam
2102 3844 2233 3925 rei
2289 3844 2816 3926 memor-iam.
2927 3927 2940 3936 ,

544 3989 1396 4195 Sedes'Apostolica
1454 4084 1584 4196 pia
1632 4073 1902 4168 Mater
1949 4069 3282 4196 probe·agnescens,‘assidueque
3330 4083 3786 4190 recogitans

406 4195 918 4316 ⁴potissimam
956 4232 1237 4289 curam
1275 4264 1300 4308 ‚
1354 4221 1437 4288 et
1485 4185 2122 4289 sollicitudinem
2162 4222 2397 4294 suam
2457 4205 2542 4286 in
2575 4200 2834 4301 Fidei
2865 4197 3343 4284 Catholicae
3392 4202 3770 4316 sine-qua

412 4323 922 4436 impossibile
978 4349 1117 4411 est*
1167 4313 1767 4437 placers·1)eoi‚
1837 4317 2153 4410 unitate
2188 4386 2212 4427 ,
2267 4349 2363 4414 ac
2411 4324 2875 4432 integritate
2921 4316 3351 4403 retinenda
3381 4381 3407 4422 ‚
3453 4339 3550 4405 et·
3597 4322 3768 4430 ani·

411 4467 753 4532 marum·
788 4435 1505 4561 pretiosG‘Christi
1553 4431 2367 4553 Dominissangu'i‘n'e
2418 4438 3030 4556 redemptarum
3107 4459 3435 4556 aeterna
3498 4439 3764 4526 salute

410 4555 933 4678 procuranda
1002 4568 1246 4653 ,sitam
1333 4592 1563 4669 esse,
1631 4555 1859 4647 nihil
1899 4555 2475 4684 praetermittit
2514 4575 2748 4668 ,'-ac-
2787 4564 3288 4645 intentatum
3376 4559 3782 4680 relinquit

402 4681 645 4800 quod
694 4683 801 4771 ad
844 4673 1228 4780 ‘eamdem
1274 4680 1529 4771 fidem
1559 4746 1581 4789 ,
1625 4683 1772 4769 ubi
1813 4675 2096 4769 'illaesa
2144 4685 2392 4794 viget,
2445 4705 2742 4796 sartam
2779 4703 3075 4767 tectam
3133 4676 3522 4765 tuendam
3563 4707 3585 4785 ·,
3630 4681 3786 4768 ubi

408 4831 613 4889 ⁷vero
663 4805 1014 4921 collapsa
1066 4829 1213 4913 est,
1267 4800 1856 4891 restituendam
1887 4833 1919 4910 ,·
1952 4805 2327 4922 ipsasque
2376 4801 2792 4900 fidelium
2829 4804 3164 4885 -animas
3227 4803 3311 4883 in
3377 4802 3602 4888 viam
3658 4832 3777 4886 sa·

414 4920 609 5009 lutis
658 4923 1129 5038 dirigendas
1179 4922 1496 5041 judicat
1554 4926 2027 5040 pertinere-3
2094 4919 2190 5009 ac
2236 4947 2667 5038 propterea
2717 4921 2824 5008 ab
2867 4916 3321 5007 orthodoxa
3374 4920 3782 5031 religione

410 5066 823 5165 rectaque*
858 5037 989 5135 ria
1042 5044 1302 5134 deviis
1336 5107 1366 5148 ,
1429 5064 1512 5130 et
1560 5044 2026 5130 errantibus
2091 5042 2333 5152 filiis,
2403 5075 2610 5163 quos
2676 5071 3134 5162 numquam
3187 5037 3706 5129 obliviscitur
3746 5102 3771 5143 ‚

406 5161 730 5253 nedum
796 5157 1264 5254 maternum
1316 5166 1589 5252 sinum‘
1637 5167 1941 5279 jugiter
2017 5168 2328 5278 aperit,
2395 5161 2541 5251 sed
2586 5166 2836 5249 etiam
2890 5165 3043 5249 iter
3091 5164 3378 5247 sternit
3427 5160 3773 5272 planum

414 5316 566 5400 per
616 5285 848 5404 quod
908 5287 1250 5374 sublatis
1297 5283 1732 5404 quibusvis
1807 5284 2422 5399 impedimentis
2499 5280 2604 5369 ad
2655 5281 2963 5369 Christi
3023 5283 3239 5372 ovile
3276 5342 3300 5385 ,
3366 5303 3615 5395 atque
3664 5277 3772 5365 ad

419 5435 559 5491 cor
590 5403 910 5494 facilius
944 5406 1212 5495 redire
1249 5399 1602 5510 valeant,
1637 5425 1885 5522 prout
1919 5409 2001 5490 in
2039 5406 2410 5492 Domino
2441 5406 2841 5521 conspicit
2875 5399 3309 5489 salubriter
3359 5396 3766 5513 expedire.

402 5565 413 5574 ·
536 5524 763 5614 Cum
823 5532 1104 5646 itaque
1165 5527 1337 5613 Nos
1371 5590 1396 5635 ‚
1492 5528 1641 5644 qui
1717 5525 2140 5614 militantis
2215 5523 2641 5612 Ecclesiae
2735 5558 2829 5614 ac
2907 5522 3268 5608 universi
3342 5515 3769 5608 Dominici

414 5641 708 5756 Gtegis
757 5653 1121 5766 regimen
1174 5652 1257 5737 in
1312 5647 1789 5738 Beatissimo
1838 5647 2086 5737 Petro
2133 5647 2717 5764 Apostolorum
2775 5645 3160 5770 Principe
3211 5638 3609 5736 divinitus
3647 5671 3779 5730 ac·
