4834 6409
382 687 528 752 aut
576 666 954 780 ingerere
995 673 1353 784 potuisse
1400 676 1588 789 jure
1638 692 2211 786 praesumptus
2262 671 2534 761 fuerit.
2575 668 2680 755 V.
2738 671 2821 757 Si
2876 672 3063 791 quis
3113 666 3546 757 dormierit
3592 671 3771 756 sine

382 789 666 874 tunica
713 853 745 892 ‚
807 813 894 877 et
943 793 1304 879 cucullo.
1382 794 1537 880 Vl.
1610 794 1694 878 Si
1746 793 1931 906 quis
1994 797 2335 882 exiverit
2382 795 2561 883 sine
2624 794 2865 880 Socio
2912 793 3378 904 assignato,
3454 813 3606 876 aut
3676 790 3773 875 il-

382 906 561 993 lum
638 914 1145 1018 mutaverit,
1225 939 1366 1001 aut
1432 939 1651 1004 extra
1714 912 2312 1007 Monasterium
2375 918 2801 1037 reliquerit
2847 975 2871 1021 ,
2936 915 3085 1015 ,vel
3144 913 3367 1000 solus
3443 913 3623 998 sine
3674 911 3770 997 li·
3832 924 3886 949 ·“

384 1029 651 1116 centia
716 1033 958 1123 iverit
1006 1069 1028 1142 ε,
1084 1036 1217 1123 vel
1267 1036 1496 1144 hora,
1550 1068 1714 1156 qua
1779 1036 1863 1119 in
1915 1040 2518 1127 Monasterium
2587 1033 2854 1123 redire
2904 1033 3155 1153 debet
3191 1098 3216 1141 ,
3284 1064 3454 1120 non
3504 1030 3769 1120 redie.

381 1152 516 1237 rit.
568 1150 758 1239 VII.
828 1155 910 1239 Si
977 1160 1164 1273 quis
1224 1192 1321 1245 ex
1374 1159 1580 1245 cella
1633 1152 2124 1269 egrediatur,
2178 1183 2262 1245 et
2310 1191 2459 1276 per
2520 1159 3119 1243 Monasterium
3170 1179 3513 1269 vagetur
3563 1177 3771 1241 tem·

383 1301 582 1386 pore
644 1271 1188 1361 dormitionis,
1257 1278 1498 1363 VIII.
1572 1281 1652 1364 Si
1724 1279 1909 1396 quis
1986 1277 2486 1366 medicinam
2569 1282 3071 1393 sumpserit,
3139 1300 3282 1363 aut
3345 1278 3767 1387 sanguinis

381 1392 934 1480 minutionem
1012 1394 1301 1484 fecerit
1360 1404 1539 1487 sine
1593 1399 1946 1486 licentia.
2017 1398 2166 1484 IX.
2225 1403 2307 1486 Si
2363 1406 2548 1518 quis
2612 1401 2941 1515 culpam
2996 1401 3518 1515 praeteritam
3571 1396 3767 1482 Fra-

383 1513 539 1617 tri,
606 1542 755 1627 pro
806 1546 970 1631 qua
1039 1516 1578 1625 satisfecerit,
1644 1524 2342 1633 improperaverit.
2408 1522 2519 1607 X.
2589 1523 2669 1606 Si
2725 1524 2910 1638 quis
2971 1523 3385 1636 jejunium
3435 1519 3541 1604 ab
3604 1517 3764 1609 Or·

381 1616 582 1717 dine
643 1639 1237 1751 praescriptum
1289 1637 1640 1754 fregerit.
1697 1639 1852 1722 XI.
1922 1641 2004 1725 Si
2060 1645 2243 1759 quis
2294 1643 2626 1729 Missam
2660 1707 2682 1749 ,
2758 1638 3383 1728 Confessionem
3435 1703 3459 1746 ,
3516 1635 3767 1724 Com-

380 1754 899 1862 munionem,
954 1783 1097 1844 aut
1147 1757 1550 1848 Officium
1599 1761 2012 1847 Divinum
2067 1767 2146 1847 in
2216 1762 2501 1850 Choro
2551 1767 2730 1849 sine
2783 1762 3112 1850 licentia
3163 1763 3566 1847 omiserit.
3606 1756 3772 1848 Pro

380 1871 921 1989 supradictis,
973 1903 1073 1964 ⁴et
1121 1883 1531 1969 similibus
1580 1883 1846 1993 culpis
1899 1884 2384 1995 injungatur
2435 1888 2848 2002 jejunium
2881 1947 2906 1991 ,
2974 1908 3059 1971 et
3106 1884 3480 1968 strictum
3531 1882 3778 1966 silen-

380 1993 593 2078 tium
658 2026 806 2109 per
854 1999 1198 2118 aliquod
1267 2025 1621 2121 tempus.
1687 2003 2335 2093 Genuflexiones
2386 2070 2410 2113 ,
2467 2015 2553 2094 et
2600 2006 3182 2122 prostrationes
3229 2026 3601 2117 tempore
3653 2032 3775 2087 re·
3884 2082 3899 2093 r

380 2108 762 2201 fectionis
828 2125 1296 2209 communis
1331 2187 1357 2230 ,
1419 2151 1564 2213 aut
1617 2128 1703 2211 in
1757 2121 2155 2211 Ecclesia.
2207 2124 2516 2214 Psalmi
2600 2130 2847 2213 etiam
2884 2188 2909 2234 ,
2973 2151 3063 2214 et·
3109 2125 3553 2211 Orationes
3629 2122 3773 2210 ali·
3910 2153 3917 2159 ’

381 2257 592 2354 quot
636 2234 1132 2332 Dominicae
1183 2244 1654 2363 secundum
1707 2238 2290 2335 discretionem
2343 2249 2722 2336 Abbatis.

1786 2487 1858 2573 C
1889 2486 2002 2602 ‚A
2065 2487 2157 2571 P.
2274 2487 2375 2573 V.

1287 2751 1294 2765 '
1346 2730 1486 2835 ,De
1537 2678 1956 2816 Graviori-
1999 2727 2304 2844 Culpa,
2360 2748 2443 2813 et
2505 2732 2819 2818 Poena.

505 2971 862 3061 Gravior
916 2967 1158 3083 culpa
1209 2990 1355 3055 est.
1412 2965 1476 3052 I.
1534 2969 1619 3056 Si
1670 2971 1856 3088 quis
1903 2968 2238 3084 Jejunia
2293 2968 2723 3058 Ecclesiae
2770 2952 3229 3059 violaverit.
3286 2971 3394 3055 ΙΙ.
3451 2973 3532 3057 Si
3585 2974 3772 3089 quis

382 3116 818 3206 peccatum
870 3089 1214 3179 mortale
1267 3086 1698 3178 manifeste
1763 3093 2265 3177 commiserit
2327 3116 2614 3179 contra
2661 3113 3094 3208 praecepta
3144 3090 3370 3194 Dei,
3423 3094 3558 3180 vel
3608 3093 3776 3182 Ec·
3910 3142 3913 3145 Δ

386 3212 726 3305 clesiaet
783 3232 1104 3326 praeter
1139 3241 1372 3297 casus
1420 3208 1633 3296 infra
1687 3208 2265 3315 recensendos,
2317 3243 2510 3297 cum
2573 3211 2680 3299 de
2717 3212 3183 3323 gravissima
3225 3215 3470 3328 culpa
3507 3245 3776 3301 sermo

265 3348 272 3355 ’
385 3335 563 3421 erit.
632 3331 783 3417 ΙΙΙ.
853 3331 937 3416 Si
991 3332 1176 3448 quis
1226 3335 1492 3417 sciens
1542 3354 1626 3419 et
1701 3331 1991 3418 volens
2057 3335 2550 3419 sententiam
2600 3336 3477 3422 excommunicationis
3529 3401 3556 3442 ,
3606 3358 3777 3422 aut

219 3528 261 3565 .„
383 3454 962 3569 suspensionis.
1014 3454 1459 3538 incurrerit
1517 3484 1565 3537 a
1634 3455 1821 3567 jure
1896 3453 2034 3541 vel
2095 3452 2202 3537 ab
2274 3451 2612 3541 homine
2678 3456 2984 3562 latam,
3041 3479 3204 3541 tam
3277 3490 3319 3542 a
3397 3456 3773 3544 Praelato

382 3574 967 3671 Ecclesiastico
1014 3634 1041 3678 ,
1108 3602 1361 3690 quam
1411 3606 1457 3663 a
1512 3572 1952 3688 Superiore
2023 3572 2485 3685 Religios03
2551 3575 2940 3695 Exceptis
2998 3578 3197 3662 item
3250 3577 3630 3684 casibus,
3684 3580 3772 3663 in

384 3698 694 3813 quibus
757 3697 866 3780 ob
927 3696 1494 3803 gravissimam
1545 3693 1904 3809 ·culpam
1995 3698 2797 3803 excommunicatio,
2869 3695 2999 3784 vel
3065 3700 3491 3811 suspensio
3554 3698 3772 3784 infli-

382 3820 629 3931 gitur.
685 3817 834 3905 IV.
887 3815 974 3900 Si
1024 3816 1212 3934 quis
1262 3816 1528 3902 sciens
1591 3845 1676 3901 se
1752 3845 1928 3901 esse
1972 3818 2810 3924 excommunicatum,
2877 3841 3023 3903 aut
3097 3848 3621 3931 suspensum,
3670 3842 3771 3906 ut

387 3959 661 4051 supra,
715 3936 1318 4040 celebraverit,
1373 3935 1502 4023 vel
1558 3936 1642 4020 in
1696 3938 1863 4021 suis
1913 3934 2379 4020 Ordinibus
2430 3938 3040 4024 ministraverit.
3082 3938 3188 4023 V.
3256 3942 3343 4024 Si
3408 3943 3595 4058 quis
3643 3971 3774 4027 ca⁴

385 4056 793 4143 lumniam
846 4059 934 4139 in
1014 4052 1387 4143 Fratrem
1435 4059 1822 4145 struxerit
1857 4119 1882 4162 ,
1934 4058 2105 4143 sive
2157 4057 2242 4140 in
2287 4054 2359 4139 ‚J
2365 4054 2641 4142 udicio
2676 4121 2700 4164 ,
2753 4060 2925 4144 sive
2987 4061 3397 4174 privatim.
3463 4059 3611 4147 Vl.
3680 4062 3769 4149 Si

385 4180 576 4298 quis
624 4207 771 4294 per
817 4174 963 4282 faS,
1017 4195 1162 4261 aut
1212 4170 1439 4261 nefas
1485 4179 2096 4287 procuraverit,
2154 4197 2246 4261 ut
2315 4179 2488 4289 ipse
2537 4239 2562 4285 ,
2616 4179 2748 4266 vel
2822 4179 3028 4265 alter
3076 4183 3475 4267 eximatur
3510 4216 3554 4268 a
3605 4218 3765 4304 po-

386 4320 676 4391 testate
728 4294 1189 4409 Superioris
1224 4354 1248 4400 ,
1316 4316 1486 4381 tam
1537 4294 2011 4383 Mo‘nasterii
2043 4359 2068 4403 ,
2119 4327 2368 4414 qu‘am
2435 4298 2951 4404 Provinciae,
3003 4324 3148 4386 aut
3196 4302 3552 4389 Abbatis
3602 4308 3771 4394 Ge·

389 4418 712 4508 neralis.
765 4416 958 4504 Vll.
1016 4417 1101 4505 Si
1155 4417 1342 4533 quis
1391 4447 1539 4530 per
1585 4418 2218 4523 contumaciam,
2259 4419 2391 4503 vel
2434 4416 2944 4507 manifestam
2999 4422 3535 4508 rebellionem
3591 4428 3771 4513 ino-

384 4537 734 4628 bediens
758 4569 910 4625 suo
949 4537 1369 4651 Superiori
1405 4534 1681 4645 fuerit,
1717 4536 1849 4625 vel
1882 4567 2078 4651 curn¹
2104 4568 2205 4624 eo
2241 4538 2489 4644 intus,
2521 4563 2665 4625 aut
2691 4563 2909 4627 extra
2946 4540 3497 4629 contenderit.
3518 4546 3754 4633 V111.

385 4662 472 4748 Si
536 4664 724 4780 quis
762 4661 1088 4759 Secreta
1165 4654 1920 4769 congregationum
1975 4657 2432 4764 Generalis,
2470 4659 3197 4772 Hegumenorum,
3254 4664 3770 4775 Provinciae,

333 4805 473 4868 -et
518 4781 1214 4870 Monasteriorum
1263 4840 1289 4886 ,
1380 4778 1559 4864 aliis
1620 4775 2056 4866 Monachis
2119 4779 2294 4865 sive
2375 4776 2820 4889 Professis,
2884 4784 3060 4869 sive
3111 4783 3480 4873 Novitiis
3528 4853 3559 4892 ,
3633 4792 3772 4877 vel

387 4902 636 4988 etiam
686 4903 1043 4989 externis
1096 4923 1404 4989 temere
1442 4898 1950 4987 revelaverit.
2005 4896 2158 4983 IX.
2214 4898 2296 4983 Si
2350 4903 2541 5018 quis
2585 4900 2961 4990 Decretis
3011 4902 3769 5017 Congregationum

383 5018 988 5111 antedictarum
1039 5050 1138 5115 se,
1197 5049 1284 5107 se
1356 5022 1890 5133 opposuerit,
1951 5042 2101 5118 ,aut
2175 5021 2597 5136 Superiori
2674 5026 3212 5138 praecipienti
3294 5026 3612 5143 aliquid
3682 5031 3812 5118 in‘

381 5144 693 5232 virtute
740 5164 1073 5231 sanetae
1136 5137 1665 5227 obedientiae
1712 5138 2321 5259 contradixerit.
2371 5141 2487 5228 X.
2550 5145 2637 5233 Si
2687 5146 2875 5262 quis
2928 5145 3303 5234 Praelato
3362 5147 3774 5239 Ecclesia·-

384 5266 593 5351 stico
639 5326 670 5369 ,
720 5284 865 5351 aut
920 5262 1281 5376 Principi
1334 5262 1728 5349 saeculari
1777 5263 1863 5347 in
1917 5264 2092 5367 eis,
2141 5293 2356 5381 quae
2404 5261 2509 5351 ad
2560 5264 2744 5352 illos
2793 5290 3194 5384 spectant,
3231 5266 3767 5383 inobediens,

387 5408 473 5470 et
523 5407 968 5473 contumax
1029 5385 1411 5473 extiterit.
1478 5383 1640 5476 Pro
1689 5379 2227 5498 hujusmodi,
2291 5409 2377 5474 et
2424 5385 2837 5474 similibus
2887 5388 3152 5503 culpis
3218 5391 3764 5506 injungantur

389 5503 749 5617 Jeiunia.
804 5505 1017 5595 Item
1068 5505 1525 5616 assignetur
1570 5503 1914 5593 ultimus
1974 5503 2230 5592 locus.
2297 5507 2744 5595 Prostratio
2794 5532 2986 5597 ante
3058 5506 3273 5598 fores
3349 5511 3680 5631 Templi
3735 5580 3760 5626 ,

383 5628 520 5714 vel
575 5624 1015 5716 Refectorii
1052 5689 1078 5732 ,
1141 5622 1278 5715 vel
1328 5622 1642 5732 Chori,
1707 5620 1910 5712 dum
1941 5623 2033 5739 ‚F
2038 5646 2287 5716 ratres
2336 5629 2674 5718 intrant.
2745 5630 3176 5747 Sejunctio
3209 5695 3235 5738 ,
3287 5655 3433 5720 aut
3478 5658 3764 5754 seque·

386 5750 669 5835 stratio
717 5780 763 5837 a
826 5744 1308 5857 Fratribus,
1369 5748 1498 5836 ita·
1533 5767 1630 5837 ut
1692 5747 1976 5836 nullus
2052 5745 2439 5840 Fratrum
2488 5746 2791 5841 audeat
2849 5782 2936 5838 se
2982 5751 3104 5839 illi
3182 5757 3689 5873 conjungere
3724 5824 3748 5867 ,
