4834 6409
1026 462 1296 664 olrissis
1373 568 1715 681 facultas
1783 571 2078 686 agendi
2135 571 2479 692 quosvis
2552 576 3029 661 contractus
3106 574 3548 690 emptionis
3592 635 3621 679 ‚
3704 594 3852 689 aut
3913 566 4418 670 venditionis

1025 690 1595 818 quorumlibet
1668 696 2082 804 honorum
2147 694 2735 808 temporalium
2759 746 2845 797 .‚,
2882 717 3050 780 tam
3120 697 3627 797 mobilium,
3706 687 3959 811 quam
4036 689 4417 778 immobi-

1022 820 1234 904 liu'm
1277 815 1659 900 'ninnium
1712 815 2405 910 Monasterior‘um
2454 816 2538 898 in
2596 813 3083 902 eorumdem
3137 817 3620 921 utilitatem,
3662 837 3761 923 <et
3808 813 4155 907 bonum.
4206 813 4422 898 Item

1023 969 1299 1042 nova,
1373 939 1440 1020 si
1485 918 1954 1022 'offerantur
1987 1000 2016 1040 ,
2082 936 2574 1035 Monasteria
2647 960 3070 1051 acceptare
3100 968 3213 1022 “ex
3263 936 3605 1021 consilio
3657 935 4339 1046 Hegumenorum
4393 991 4417 1035 ‚

1027 1082 1116 1147 et
1162 1071 1569 1145 consensu
1620 1057 2044 1170 Episcopi,
2099 1068 2194 1141 ac
2247 1056 2440 1140 Rffii
2492 1056 2841 1141 Domini
2892 1057 3435 1144 patriarcha-e.
3478 1058 3866 1143 Alienare
3928 1079 4238 1159 autem,
4273 1074 4420 1139 aut

1024 1182 1368 1266 omniuo
1421 1174 1869 1267 dissolvere
1929 1177 2423 1262 Monasteria
2498 1207 2659 1260 non
2733 1180 3093 1291 poterit,
3156 1175 3303 1265 sed
3374 1198 3699 1262 tantum
3749 1174 3854 1260 ad
3910 1198 4231 1289 tempus
4290 1204 4427 1258 su-

1020 1295 1426 1414 spenderle
1464 1339 1514 1404 ‚·
1544 1298 1993 1384 constituto
2055 1296 2889 1411 priuszOeconomo3
2939 1295 3197 1415 idque
3235 1295 3340 1383 de
3393 1328 3801 1382 consensu
3837 1296 4425 1408 Congregatio-

1023 1423 1149 1505 nis
1202 1418 1913 1528 Hegumenorum.
1981 1418 2111 1503 De
2183 1420 2280 1502 iis
2327 1447 2601 1523 ,ver-n,
2655 1450 2867 1536 quae
2930 1418 3230 1503 Ordini
3291 1444 3567 1503 nostro
3622 1420 4213 1536 relinquuntur
4263 1480 4287 1522 ‚
4335 1418 4431 1499 —si-

1027 1540 1816 1624 Dominus'certum
1892 1540 2487 1623 monasterium
2520 1561 2741 1644 ,·aut
2788 1536 3437 1629 determinatum
3494 1541 3999 1651 pium-opus
4050 1568 4217 1622 non
4282 1535 4426 1621 de·

939 1684 946 1701 ¹
1029 1662 1511 1769 signaverit,
1580 1662 1884 1773 poterit
1939 1659 2223 1742 Abbas
2275 1650 2707 1743 Generalis
2760 1656 3251 1774 disponere,
3318 1655 4000 1771 prontssexpedire
4051 1655 4427 1744 adcom-

1036 1810 1384 1871 munem
1455 1778 1800 1864 Ordinis
1881 1780 2318 1864 utilitatem
2386 1776 2905 1893 judicaverit.
2974 1781 3637 1886 Decimotertio,
3721 1780 3938 1863 sicut
3986 1776 4092 1865 ad
4142 1778 4431 1864 Abba·

1030 1922 1200 1987 tem
1257 1899 1753 1987 Generalem
1808 1902 2222 2013 pertinet5
2283 1924 2385 1983 ut
2436 1895 2784 1983 Ordinis
2856 1901 3509 1986 Constitutioues
3586 1899 3931 2017 ubique·
3986 1897 4425 1997 servandas

1031 2041 1292 2125 curet,
1325 2023 1435 2109 ita
1489 2018 1596 2104 ad
1647 2052 1838 2104 eum
1893 2042 2209 2131 spectat
2260 2050 2437 2104 non·
2480 2017 3113 2109 modoeasdem
3164 2019 3825 2107 Constitutioues
3866 2021 4420 2133 interpretari,

1028 2137 1370 2260 quando
1453 2137 1813 2225 dubium
1884 2139 2227 2256 aliquod
2301 2143 2813 2254 occurrerit3
2880 2140 3019 2229 sed
3078 2145 3321 2227 etiam
3363 2205 3386 2248 ‚
3442 2143 3587 2226 ubi
3642 2171 3849 2254 opus
3899 2164 4071 2246 est,.
4114 2144 4197 2225 in
4250 2142 4346 2222 iis
4399 2204 4423 2245 ‚

1026 2292 1243 2376 quae
1287 2258 1762 2366 accidunt«,
1827 2291 1925 2347 ex
1973 2265 2191 2374 justa
2245 2283 2329 2346 et
2391 2261 2752 2371 legitima
2823 2294 3064 2348 causa
3138 2293 3335 2347 cum
3411 2262 3827 2380 aliquibus
3893 2256 4429 2374 dispensum

1028 2380 1398 2490 Regulae
1474 2377 1732 2467 finem
1810 2377 2286 2482 intuendo,
2351 2384 2494 2497 qui
2568 2381 2779 2465 alius
2830 2414 2996 2467 non
3076 2407 3261 2486 est,
3329 2413 3580 2499 quam
3653 2387 3920 2497 majus
3981 2381 4141 2481 Dei
4195 2380 4430 2468 obse-

1031 2505 1329 2619 quium
1367 2565 1392 2607 ,
1461 2524 1546 2586 et
1608 2501 2005 2607 illorum,
2063 2504 2210 2618 qui
2276 2499 2435 2587 hoc
2488 2501 2971 2589 Institututn
3054 2529 3645 2615 susceperunt,
3705 2504 4044 2607 utilitas,
4076 2524 4183 2588 «et
4241 2533 4427 2614 pro-

1029 2622 1320 2708 fectus.
1377 2621 1565 2707 Non
1621 2645 1745 2708 est
1795 2644 2071 2707 autem
2125 2619 2879 2708 censendum'eum
2939 2624 3432 2738 dispensare,
3488 2627 3643 2708 uisi
3695 2653 4151 2737 expressam
4208 2621 4429 2727 Con·⁴

1032 2744 1559 2828 stitutionum
1632 2746 2143 2835 mentionem
2196 2739 2442 2828 faciat
2469 2808 2499 2847 ,
2570 2744 2651 2825 iu
2708 2745 3015 2860 quibus
3081 2741 3517 2857 dispensat.
3587 2744 3777 2829 Non
3830 2763 4100 2856 potest
4149 2766 4427 2829 tamen

1037 2861 1700 2951 Constitutiones
1763 2866 1845 2949 in
1914 2861 2580 2975 Congregatione
2631 2860 3019 2949 Generali
3074 2870 3241 2977 jam
3307 2865 3794 2980 approbatas
3842 2867 4217 2949 omnino
4289 2865 4431 2949 ab·

1034 3013 1361 3093 rogate,
1427 3008 1573 3068 aut
1645 2986 1985 3069 irritare.
2052 2982 2761 3101 Decimoquart0‚
2827 2986 3065 3069 sicut·
3104 3006 3374 3096 potest
3426 2986 3713 3073 Abbas
3784 2984 4220 3070 Generalis
4286 3016 4428 3071 no·

1029 3107 1178 3189 stri
1219 3101 1562 3190 Ordinis
1611 3100 2086 3191 -Monachos
2138 3135 2233 3188 ex
2287 3105 2649 3213 legitima
2702 3136 2939 3188 causa
2990 3105 3353 3216 vinculi-s
3408 3136 3943 3193 censurarum
4000 3105 4278 3215 ligare,
4318 3110 4428 3191 ita
4478 3202 4483 3207 ⁵

1032 3221 1383 3336 plenam
1421 3222 1896 3341 facultatem
1952 3222 2204 3308 habet
2252 3221 2583 3311 eosdem
2649 3221 3133 3317 absolvendi
3200 3225 3304 3309 ab
3378 3227 3766 3312 omnibus
3817 3229 4183 3313 censuris
4236 3257 4428 3312 con·

1032 3344 1314 3427 tractis
1381 3365 1569 3457 post
1645 3345 2116 3453 ingressum
2177 3344 2681 3456 Religionis3
2746 3341 3205 3429 dummodo
3282 3376 3516 3432 casus
3579 3377 3745 3431 non
3812 3347 3976 3433 sint
4042 3349 4427 3434 reservati

1031 3460 1512 3576 Episcop0‚
1565 3483 1712 3549 aut
1764 3464 1981 3548 Rr‘i'to
2032 3464 2405 3550 Domino
2469 3463 2994 3551 Patriarchae
3030 3526 3055 3569 ,
3121 3496 3481 3583 quorum
3535 3491 3811 3553 notam
3865 3464 4091 3579 apud
4140 3498 4226 3554 se
4286 3464 4425 3552 de·

1033 3584 1422 3695 scriptam
1473 3581 1878 3689 habebit,
1948 3607 2043 3670 ut
2102 3586 2305 3671 sciat
2361 3585 2661 3669 limites
2738 3616 2947 3670 suae·
2998 3592 3472 3700 potestatis,
3529 3612 3695 3674 tam
3759 3584 4036 3704 quoad
4103 3587 4432 3673 absolu·

1038 3704 1352 3789 tionem
1426 3737 1469 3791 a
1522 3707 1941 3809 censuris,
2012 3736 2262 3823 quam
2318 3703 2594 3823 quoad
2669 3702 3361 3818 dispensationem
3420 3711 3502 3793 in
3569 3704 4205 3822 irregularitate.
4257 3708 4427 3793 De⁴

1040 3824 1611 3940 cimoquint0‚
1664 3848 1932 3938 potest
1968 3858 2199 3911 casus
2252 3827 2571 3942 aliquos
2622 3827 2703 3908 in
2763 3848 2934 3911 toto
2996 3825 3319 3915 Ordine
3369 3830 3528 3914 sibi
3584 3851 3666 3913 et
3703 3828 4176 3913 Abbatibus
4230 3828 4424 3912 Pro·-

1040 3945 1500 4033 vinciarum
1536 4007 1560 4049 ‚
1614 3945 2499 4032 aut.Monasteriorum
2556 3976 2993 4049 reservare,
3048 3979 3091 4031 a
3143 3950 3453 4064 quibus
3504 3947 3872 4063 deputati
3926 3947 4031 4034 ad
4084 3945 4431 4036 audien-

1038 4060 1184 4149 das
1245 4063 1755 4155 Monachum
1813 4062 2458 4162 confessiones.
2518 4068 2670 4152 nisi
2750 4064 3027 4154 habita
3072 4069 3204 4154 ‘ab
3262 4074 3498 4186 ipsc,
3582 4092 3724 4156 aut
3794 4069 4270 4157 Abbatibus
4336 4071 4430 4153 li.
4516 4064 4522 4069 ’

913 4210 922 4217 ·
1040 4187 1339 4292 centia,
1394 4186 1818 4273 absolvere
1898 4211 2337 4304 nequeant.
2411 4188 2609 4272 Illos
2660 4208 2930 4272 tamen
2988 4188 3240 4276 debet
3310 4197 3391 4277 in
3452 4217 3637 4277 nota
3695 4220 4154 4302 expressos,
4207 4194 4427 4278 etin

1040 4303 1697 4417 Congregatione
1763 4305 2452 4418 Hegumenorum
2523 4309 3076 4422 approbatos,
3147 4310 3576 4411 Monac-bis
3625 4310 4111 4422 significare.
4184 4310 4428 4399 Deci·
4522 4304 4529 4313 ”

1035 4449 1430 4537 mosext0,
1485 4458 1674 4511 cum
1729 4425 2017 4513 Abbas
2068 4424 2500 4514 Generalis
2554 4428 2857 4513 talenta
2912 4426 3391 4533 hominibus
3443 4437 3698 4519 nostri
3741 4430 4084 4519 Ordinis
4122 4432 4425 4524 donata

1037 4576 1531 4655 cognoscere
1592 4544 1894 4632 debeat
1931 4564 1965 4651 ’,
2038 4544 2308 4633 officia
2383 4547 2967 4661 Magistrorum
3004 4617 3032 4658 ‚
3087 4552 3759 4642 Praed‘icntorum
3801 4621 3823 4662 ‚
3866 4556 4426 4647 Confessario·

1037 4696 1224 4749 rum
1264 4724 1287 4771 ,
1341 4688 1426 4755 et.
1472 4667 1623 4751 alia
1678 4664 2160 4780 hujusmodi
2197 4699 2371 4782 per
2419 4701 2507 4755 se
2558 4668 3053 4760 distribuere
3112 4674 3419 4785 potest,
3475 4702 3618 4763 aut
3683 4678 4159 4764 Abbatibus
4230 4684 4427 4769 Pro·-

1038 4786 1493 4871 vincinrum
1529 4848 1556 4890 ‚
1634 4789 1808 4873 sive
1857 4786 2554 4874 Monosteriorum
2604 4789 3176 4879 distribuenda
3230 4803 3769 4887 committere.
3814 4799 3948 4887 Ad
4006 4800 4233 4888 huuc
4281 4838 4420 4890 an·-

1035 4927 1202 4990 tem
1256 4904 1507 4992 linem
1562 4930 1796 4992 curet
1846 4938 1992 5021 per
2062 4909 2437 4997 Abbates
2486 4911 3110 4998 provinciarum
3148 4978 3173 5020 ,
3228 4941 3312 5002 et
3377 4917 4068 5006 Monasteriorum
4122 4929 4424 5009 ¹certior

1039 5024 1272 5111 reddi
1323 5024 1431 5113 de
1479 5050 1688 5135 statu
1748 5030 2124 5115 omnium
2163 5029 2851 5117 Monasteriorum
2906 5035 3033 5119 bis
3068 5035 3356 5125 saltem
3411 5043 3493 5130 in
3530 5072 3795 5125 anno:
3856 5043 4056 5125 item
4110 5041 4216 5128 de
4269 5076 4422 5129 nu·

1035 5176 1267 5232 mero
1303 5162 1350 5253 ,“
1381 5170 1463 5234 et
1513 5148 2050 5265 qualitatibus
2100 5149 2729 5237 Monachorum.
2783 5151 2960 5240 Etsi
3010 5186 3211 5243 vero
3263 5160 3442 5245 aliis
3495 5159 4023 5246 inferioribus
4075 5164 4426 5250 Abbati·

1039 5266 1480 5353 bus·suam
1530 5268 2003 5353 facultatem
2059 5275 2647 5378 communicet,
2685 5282 2985 5386 poterit
3048 5301 3337 5365 tamen.
3394 5282 3879 5395 approbare,
3936 5284 4067 5367 vel
4127 5292 4427 5372 rescin-

1038 5384 1234 5477 dere
1270 5449 1293 5492 ‚
1361 5386 1588 5506 quod
1641 5388 1757 5485 illi
1811 5385 2184 5494 fecerint,
2250 5394 2468 5481 etin
2523 5395 2913 5481 omnibus
2948 5460 2973 5503 ‚
3027 5398 3782 5517 quodvidebitur,
3855 5408 4410 5496 constituere:

1035 5531 1118 5594 et
1166 5512 1613 5621 semperei
1679 5507 2293 5617 obedientiam,
2348 5545 2444 5599 ac
2518 5523 3061 5604 reverentiam
3118 5521 3226 5605 ab
3295 5524 3685 5608 omnibus
3738 5527 4118 5637 praestari
4184 5549 4424 5641 opor·

1030 5630 1261 5721 tebit.
1326 5630 2031 5748 Decimoseptimo
2079 5654 2345 5748 potest
2394 5634 2683 5725 Abbas
2736 5636 3165 5727 Generalis
3215 5646 3533 5751 omnia,
3586 5668 3672 5731 et
3718 5643 4040 5756 singula
4093 5648 4178 5734 in
4246 5668 4416 5734 toto
