4834 6409
1113 433 1286 548 ²7.4

1096 571 1321 641 terea
1367 546 1694 637 duabus
1776 551 2116 638 cameris
2183 578 2334 667 pro
2381 551 2880 645 Provinciali
2909 616 2936 662 ,
3000 550 3134 641 vel
3215 550 3678 670 hospitibus
3712 618 3744 661 ,
3817 582 3975 641 nec
4036 582 4210 641 non
4260 548 4466 639 refe-
4547 558 4556 567 ’

1099 673 1498 779 ctoriolo,
1567 671 1844 758 culina
1894 734 1925 774 ,
1990 671 2198 757 cella
2248 674 2612 781 vinaria,
2690 699 2775 764 et
2845 675 3239 790 penuaria
3287 735 3314 781 ,
3399 707 3565 765 una
3653 706 3848 763 cum
3895 666 4464 775 bibliotheca,

1100 794 1533 906 pomario,
1604 813 1689 878 et
1748 791 2007 903 lignili
2046 854 2073 897 ,
2144 798 2375 907 juxta
2444 792 2716 881 ideam
2792 816 3445 908 praesentatam,
3527 815 4088 911 competenter
4163 795 4466 879 instru-

1098 936 1327 999 ctum
1357 976 1384 1019 ,
1448 911 1801 1027 amplius
1836 972 1863 1018 ,
1916 942 2072 998 nec
2121 916 2390 1028 ipsum
2427 976 2455 1019 ,
2508 947 2662 1002 nec
2709 915 3084 1013 Ecclesia
3119 979 3152 1019 ‚
3204 920 3468 1030 possit
3517 916 3902 1022 dilatari,
3955 906 4392 1034 siquidem.

1126 1100 1133 1105 .
1184 1033 1531 1120 Tertio.
1600 1032 2021 1119 Numerus
2068 1033 2404 1131 Patr-um
2449 1037 3163 1127 Missionariorum
3216 1065 3410 1119 cum
3471 1040 3909 1155 superiore
3972 1033 4012 1152 (
4065 1036 4305 1146 cujus
4352 1035 4474 1118 in-

1093 1155 1415 1241 stitutio
1465 1154 1559 1237 P.
1611 1151 2112 1238 Provinciali
2163 1163 2639 1266 competat)
2692 1155 3096 1259 inclusive
3161 1158 3456 1273 quovis
3536 1182 3902 1270 tempore
3978 1151 4480 1269 indispensa-

1096 1274 1379 1360 biliter
1429 1275 1514 1357 in
1566 1296 1920 1390 quatuor
1992 1276 2357 1385 personis
2437 1278 2825 1360 consistat
2857 1335 2882 1381 ,
2969 1275 3081 1361 ita
3171 1295 3271 1359 ut
3317 1279 3471 1363 iste
3520 1306 3915 1365 numerus
3975 1273 4287 1391 absque
4337 1301 4481 1357 no-

1090 1416 1325 1501 str0,
1386 1393 1524 1481 vel
1587 1417 2052 1479 nostrorum
2108 1395 2691 1479 Successorum
2745 1397 3211 1506 praescitu,
3298 1420 3382 1484 et
3459 1396 3791 1486 licentia
3825 1459 3856 1499 ,
3932 1395 4268 1507 insuper
4349 1422 4480 1478 ex-

1090 1544 1375 1629 presso
1426 1542 1830 1599 consensu
1882 1516 2136 1597 nostri
2186 1513 2681 1601 venerabilis
2733 1513 3105 1629 Capituli
3156 1511 3744 1630 Metropolitici
3793 1515 4212 1630 perpetuis
4274 1534 4476 1597 tem-

1096 1634 1438 1748 poribus
1495 1636 1967 1720 nullatenus
2014 1635 2459 1737 imminui,
2529 1634 2796 1719 multo
2859 1637 3136 1720 minus
3185 1642 3464 1747 augeri
3547 1640 3838 1725 valeat.
3902 1636 4074 1743 Qui
4127 1628 4476 1747 proinde

1114 1813 1123 1825 s
1216 1753 1562 1861 Quarto.
1641 1753 1904 1840 Nobis
1950 1816 1973 1859 ,
2043 1755 2507 1869 nostrisque
2560 1756 2645 1839 in
2698 1755 3428 1870 Archiepiscopatu
3483 1756 4117 1843 Successoribus
4168 1751 4479 1861 singuli

1095 1904 1142 1958 a
1190 1873 1433 1960 Patre
1480 1874 1981 1960 Provinciali
2037 1871 2523 1958 nominandi
2565 1936 2590 1979 ,
2670 1906 2763 1959 ac
2816 1875 3388 1989 praesentandi
3440 1901 3686 1990 sunt3
3745 1875 3960 1962 facta
4024 1896 4304 1958 autem
4352 1866 4476 1957 se·'

1096 1994 1266 2080 mel
1317 1996 1910 2109 approbatione
1974 2014 2243 2078 nostra
2279 2055 2301 2098 ,
2367 2023 2534 2088 non
2587 1993 2819 2080 aliter
2883 1996 2988 2079 ab
3038 2026 3136 2080 eo
3184 2017 3578 2104 poterunt
3630 1995 4074 2099 revocari,
4161 2012 4247 2077 et
4291 2022 4475 2075 mu-

1098 2115 1322 2216 tari,
1383 2117 1591 2231 quin
1641 2115 1929 2200 saltem
2001 2144 2217 2198 unus
2284 2116 2650 2225 ipsorum
2689 2177 2714 2220 ,
2793 2117 2942 2231 qui
2993 2144 3300 2200 munus
3384 2117 3797 2203 Missionis
3883 2112 3989 2202 ad
4037 2110 4476 2197 biennium

1096 2231 1449 2341 obierit,
1517 2238 1787 2352 sitque
1848 2236 1937 2318 in
2018 2263 2117 2318 eo
2167 2229 2677 2323 sufficienter
2726 2236 3265 2343 exercitatus,
3320 2259 3405 2321 et
3456 2259 3889 2350 expertuS,
3943 2263 4039 2319 ac
4083 2261 4231 2344 per
4280 2260 4477 2316 con·

1093 2382 1446 2472 sequens
1529 2351 2348 2440 Neoadventantium
2433 2355 2955 2439 instructioni
3010 2419 3074 2462 ,.
3124 2376 3208 2441 et
3281 2355 3916 2441 manuductioni
4000 2374 4300 2465 aptus,
4380 2351 4472 2433 in

1096 2470 1483 2586 Hospitio
1552 2472 1967 2559 Missionis
2019 2475 2311 2591 quovis
2362 2496 2730 2587 tempore
2779 2481 3221 2588 persistat,
3270 2499 3353 2560 et
3403 2477 3880 2563 inveniatur
3938 2493 4395 2587 propterea.

1213 2593 1561 2703 Quinto.
1630 2590 2098 2709 Supradicti
2151 2592 2310 2679 ΡΡ.
2350 2592 2859 2681 ,Missionarii
2893 2597 3016 2693 ,ab
3069 2598 3409 2682 instanti
3458 2595 4043 2709 susceptionis,
4113 2612 4197 2677 et
4248 2588 4475 2675 able·

1096 2717 1447 2823 gationis
1504 2745 1697 2799 suae
1731 2777 1756 2820 ,
1829 2743 2153 2799 necnon
2208 2709 2562 2799 durante
2610 2711 3352 2800 Missionisofficio
3405 2717 3487 2800 in
3542 2712 4161 2829 praeassignatis
4210 2706 4473 2821 dyna-

1091 2835 1266 2918 stiis
1327 2831 1850 2920 solummodo
1931 2832 2196 2920 Nobis
2242 2893 2266 2936 ,
2339 2854 2424 2915 et
2501 2836 2797 2919 nostris
2863 2836 2951 2918 in
3018 2834 3762 2949 Archiepiscopatu
3845 2826 4474 2919 successoribus

1093 2953 1569 3043 immediate
1650 2954 2003 3068 subjecti
2077 2959 2499 3063 existant,
2601 2956 2713 3036 sic
2792 2977 3131 3060 tamen,
3223 2977 3316 3041 ut
3378 2980 3545 3041 tam
3628 2983 3919 3041 eorum
3976 2948 4482 3066 personalis,

1095 3074 1347 3190 quam
1398 3077 1676 3161 localis
1708 3140 1732 3183 ,
1796 3106 1945 3160 seu
1990 3069 2287 3158 domus
2371 3075 2795 3186 ipsiusmet
2880 3070 3227 3165 directio
3258 3135 3283 3179 ,
3350 3080 3566 3175 sicut
3625 3096 3708 3160 et
3759 3093 4150 3161 consueta
4197 3070 4482 3156 visita-

1092 3201 1208 3284 tio
1260 3194 1351 3277 P.
1409 3194 1903 3283 Provinciali
1958 3213 2359 3278 reservata
2391 3255 2417 3295 ,
2482 3214 2565 3278 et
2642 3194 2917 3281 illaesa
2995 3220 3490 3311 permaneat.
3544 3191 3804 3305 Quod
3859 3215 4137 3281 autem
4201 3190 4480 3305 ipsum

1090 3316 1505 3407 Missionis
1573 3312 1943 3402 officium
2008 3314 2490 3415 concernit,
2557 3309 2808 3399 iidem

1214 3434 1482 3520 Sexto.
1538 3432 2027 3520 Missionarii
2089 3435 2447 3545 proprio,
2508 3455 2600 3518 ut
2663 3431 2903 3519 decet
2936 3495 2961 3539 ,
3026 3433 3485 3522 animarum
3543 3434 3722 3535 zelo
3773 3428 4054 3537 afflati,
4106 3455 4478 3533 summo,

1094 3584 1190 3640 ac
1275 3556 1814 3641 irremissibili
1898 3550 2174 3639 studio
2237 3554 2772 3637 connitentur
2836 3556 3254 3639 turmatim
3296 3619 3322 3663 ,
3387 3557 3520 3643 vel
3608 3557 3692 3639 in
3748 3585 3943 3640 casu
4021 3547 4476 3657 exigentiae

1090 3675 1339 3759 etiam
1403 3676 1758 3760 ostiatim
1829 3671 2456 3776 circumeundo,
2517 3675 3044 3758 commissum
3104 3674 3260 3760 sibi
3347 3705 3651 3761 munus
3702 3672 4280 3788 Apostolicum
4362 3668 4478 3750 ita

1095 3816 1488 3909 peragant
1524 3856 1550 3901 ,
1613 3818 1710 3880 ut
1756 3798 2296 3882 instructione
2331 3858 2359 3896 ,
2398 3791 2786 3899 hortatu,
2850 3817 2932 3878 et
2982 3795 3470 3882 excitatione
3520 3799 3926 3903 continua,
3964 3794 4480 3904 ignorantes,

1218 3947 1312 4002 ae
1346 3937 1541 4003 sunt
1589 3913 1825 4001 Fidei
1879 3913 2409 4027 Catholicae,
2476 3909 2978 4001 edoceantur
3027 3980 3056 4019 ,
3127 3920 3521 4031 ancipites
3569 3918 3653 4000 in
3708 3920 3928 4004 viam
3976 3911 4280 4021 regiam
4341 3902 4490 3992 de·

1095 3942 1571 4141 diicantur,
1636 4033 1946 4121 infirmi
1998 4032 2622 4137 confortentur,
2686 4032 2934 4121 fortes
2997 4057 3270 4121 autem
3323 4034 3429 4121 ad
3482 4031 4070 4151 perfectionem
4120 4026 4490 4115 christia-

1092 4186 1287 4241 nam
1341 4158 1596 4267 magis
1632 4216 1657 4259 ,
1716 4159 2140 4271 magisque
2223 4151 2814 4239 accendantur.
2881 4154 3227 4267 Insuper
3294 4156 3687 4268 singulari
3736 4152 4014 4241 studio
4063 4148 4486 4262 explorare

1092 4268 1463 4388 satagant
1502 4338 1527 4381 ,
1597 4278 1884 4393 quales
1965 4306 2156 4360 nam
2210 4273 2618 4360 Personae
2680 4277 2836 4358 sui·
2885 4272 3303 4360 districtus
3355 4272 3458 4361 de
3525 4270 3736 4363 Fide
3797 4295 4220 4390 suspectae
4296 4295 4489 4353 eva·

1093 4400 1411 4503 serint,
1478 4420 1562 4481 et
1646 4400 1988 4511 quinam
2079 4425 2365 4480 earum
2445 4393 3079 4508 Receptatores,
3144 4391 3564 4501 fautores,
3632 4421 4168 4514 quocumque
4231 4383 4488 4474 modo

1097 4519 1614 4602 auxiliatores
1661 4518 2028 4603 existant.
2096 4512 2274 4600 Ubi
2352 4544 2544 4598 nam
2611 4513 2980 4599 locorum
3032 4513 3224 4600 libri
3265 4514 3658 4601 haeretici
3694 4578 3719 4623 ,
3782 4515 3920 4601 vel
3980 4548 4074 4605 ex
4138 4514 4485 4624 antiquo

1099 4638 1541 4741 reservati,
1607 4635 1742 4720 vel
1792 4633 1896 4721 de
1947 4665 2163 4723 novo
2213 4630 2664 4721 introducti
2716 4632 3200 4720 habeantur.
3264 4635 3475 4721 Item
3527 4637 3711 4756 quis
3763 4637 4101 4723 istorum
4132 4696 4156 4742 ‚
4187 4632 4319 4719 vel
4369 4624 4483 4711 al·

1097 4759 1348 4841 terius
1412 4784 1698 4841 eorum
1763 4758 2135 4840 notitiam
2176 4816 2199 4859 ,
2268 4775 2411 4837 aut
2462 4777 2767 4864 partem
2871 4752 3217 4841 habeat.-
3260 4752 3757 4869 Cuiusmodi
3810 4759 4284 4869 pestilentes
4330 4745 4481 4831 ho-

1093 4878 1415 4980 mines,
1477 4876 2008 4992 ipsorumque
2076 4868 2487 4980 fautores,
2554 4874 2686 4961 vel
2751 4870 3065 4977 Nobis,
3132 4874 3263 4959 vel
3320 4897 3639 4962 nostrae
3690 4879 3776 4959 in
3830 4906 4070 4965 causa
4124 4867 4482 4982 Religio-

1088 4995 1220 5099 nis
1270 5019 1589 5084 erectae
1650 5016 2007 5082 secretae
2073 4991 2586 5106 deputationi
2665 4995 3150 5105 tempestive
3193 4990 3754 5081 denunciandi
3794 5058 3819 5104 ,
3883 5019 3969 5103 et
4028 5020 4478 5115 quaecum·

1089 5146 1255 5232 que
1308 5114 1416 5203 ad
1477 5111 2051 5218 formandum',
2109 5114 2245 5200 vel
2296 5110 2754 5200 finiendum
2807 5112 3291 5205 Processum
3342 5113 3916 5203 haereticalem
3968 5113 4474 5209 necessaria,

1068 5233 1552 5325 ferventius
1628 5231 2171 5336 assumenda,
2233 5257 2318 5319 et
2364 5228 2900 5346 producenda
2995 5255 3211 5318 sunt.
3280 5234 3628 5350 Insuper
3684 5239 4040 5323 verbum
4102 5234 4324 5339 Dei,
4387 5248 4476 5316 et

1086 5352 1579 5445 Doctrinam
1630 5352 2666 5441 Catholico·Ch-ristianam
2717 5355 3214 5466 ‚peremnia
3288 5355 3464 5440 loca
3540 5358 3666 5442 sui
3741 5350 4176 5467 districtus,
4231 5351 4475 5472 (sine

1078 5475 1699 5590 aimpedimento
1741 5499 2031 5560 tamen·
2073 5465 2531 5559 officiorum
2586 5473 3354 5560 Ecclesiasticorum
3407 5474 4107 5595 ordinariorum)
4164 5466 4475 5587 populo

1091 5598 1337 5703 etiam
1376 5626 1491 5686 -ex
1526 5593 1958 5687 Cathedra
2021 5595 2452 5685 articulate
2488 5656 2520 5699 ‚
2580 5617 2664 5683 et
2713 5592 3342 5708 intelligibiliter
3419 5622 3944 5717 proponant,
4008 5589 4473 5714 Confessio:
