4834 6409
1094 417 1145 468 o

1026 393 1312 589 debito
1378 469 1843 597 admoniti,
1910 521 2159 611 quam
2233 488 2541 578 crebris
2602 490 3058 574 multorum
3134 483 3544 576 Catholici
3611 489 3922 599 Orbis,
4009 521 4106 581 ac
4159 497 4394 613 prae⁴

1023 626 1306 709 sertim
1391 617 1710 702 Galliae
1776 614 2379 731 Episcoporum
2419 674 2444 716 ,
2528 612 2910 724 precibus
2994 614 3318 698 excitati
3365 645 3385 693 ε
3458 615 3662 730 quin
3715 617 3960 700 etiam
4013 617 4167 728 piis
4206 682 4231 729 ,
4286 650 4383 706 ac

1020 747 1343 857 saepius
1420 739 1780 851 repetitis
1844 735 2029 820 clar.
2121 766 2366 819 mem.
2424 730 2835 817 Ludovici
2884 730 3172 836 XIV.,
3249 730 3448 818 dum
3517 735 3721 820 vixit
3769 762 3822 839 ‚¹
3865 735 4379 823 Francorum

1024 863 1268 973 Regis
1320 857 1995 943 Christianissimi
2043 859 2307 962 votis,
2379 877 2462 939 et
2510 849 2803 937 officiis
2880 848 3272 958 adducti,
3326 847 3897 972 quascumque
3956 859 4387 970 potuimus

1022 977 1548 1097 Apostolicae
1616 998 1939 1061 nostrae
1994 974 2541 1060 solicitudinis
2592 996 2919 1088 parteS,
3005 971 3452 1087 adjuvante
3536 973 3953 1080 Domino,
4021 977 4389 1090 interpo-

1024 1095 1221 1188 nere
1270 1130 1439 1184 non
1502 1099 2221 1211 praetermisimus.
2305 1094 2546 1201 Quae
2605 1117 2878 1178 autem
2917 1155 2942 1197 ,
3007 1117 3091 1179 et
3141 1118 3449 1212 quanta
3500 1097 3586 1178 iu
3652 1092 3809 1179 hoc
3861 1091 4159 1202 arduo,
4211 1097 4385 1207 gra-

1024 1223 1530 1335 vissimoque
1583 1219 1912 1326 negotio
1980 1247 2126 1328 per
2172 1216 2451 1327 plures
2516 1245 2771 1299 annos
2834 1217 3238 1324 egerimus
3275 1277 3298 1320 ,
3363 1215 3709 1328 ‘et'passi
3760 1216 4010 1298 simus
4045 1278 4071 1321 ,
4134 1247 4389 1333 quae·

1024 1372 1132 1427 ve
1183 1336 1846 1424 inobedientium
1898 1334 2331 1419 hominum
2364 1399 2386 1441 ,
2452 1361 2534 1421 et
2582 1364 3035 1451 paucorum
3084 1332 3388 1452 (quod
3451 1332 3691 1421 valde
3753 1331 4128 1421 dolentes
4180 1332 4387 1421 dici-

1027 1459 1281 1575 mus)
1331 1459 1773 1541 illustrium
1821 1458 2068 1539 etiam
2118 1454 2680 1542 Ecclesiarum
2732 1456 3228 1539 Antistitum
3262 1457 3584 1543 veritati
3635 1485 3802 1538 non
3855 1459 4382 1573 acquiescen-

1030 1581 1246 1664 tium
1316 1609 1561 1694 opera
1644 1579 1729 1660 in
1783 1572 2004 1660 idem
2082 1576 2489 1686 inclytum
2569 1606 2914 1684 regnum
2977 1576 3187 1660 mala
3262 1583 3847 1690 provenerint,
3915 1575 4152 1663 vobis
4217 1571 4389 1662 fere

1032 1698 1422 1803 omnibus
1469 1699 1813 1781 minime
1862 1698 2136 1805 ignota
2189 1725 2359 1779 esse
2408 1700 2987 1780 existimamus,
3049 1696 3490 1813 Postquam
3538 1692 3951 1813 siquidem
3991 1757 4015 1800 ,
4067 1694 4387 1784 Divino

1028 1823 1117 1904 in
1175 1820 1459 1933 primis
1512 1816 1944 1928 implorato
1991 1814 2449 1929 praesidiO,
2503 1847 2866 1932 curaque
2919 1817 3209 1920 omni,
3261 1813 3590 1921 studi0‚
3654 1845 3749 1900 ac
3801 1814 4136 1919 labore,
4200 1815 4392 1929 pro-

1030 1962 1127 2022 ut
1175 1942 1293 2024 rei
1344 1940 1692 2046 gravitas
1742 1935 2227 2048 exposcebat
2261 1999 2289 2038 ,
2354 1936 2812 2021 diutissime
2861 1936 3227 2040 collatis,
3282 1932 3670 2022 adversus
3718 1932 4237 2048 praedictum
4289 1933 4392 2018 li-

1025 2056 1278 2142 brum
1341 2056 2042 2144 Constitutionem
2096 2080 2452 2140 nostram
2491 2121 2513 2164 ,
2595 2088 2806 2173 quae
2868 2058 3212 2167 incipit:
3295 2056 3797 2172 Unigenitus
3846 2055 4023 2138 Dei
4065 2053 4376 2139 Filius:

1030 2208 1249 2263 anno
1305 2177 1901 2262 Incarnationis
1949 2176 2440 2262 Dominicae
2489 2178 2924 2261 millesimo
2960 2177 3679 2288 septingentesimo
3730 2171 4057 2260 decimo
4105 2177 4384 2277 terti0,

1028 2321 1255 2384 sexto
1342 2294 1526 2381 idus
1606 2295 2109 2409 Septembris
2172 2293 2481 2382 editam
2545 2298 3299 2411 promulgavimus3
3376 2297 3464 2379 in
3517 2327 3684 2412 qua
3738 2294 4016 2410 plures
4100 2299 4389 2379 noxios

1029 2416 1416 2503 articulos
1467 2447 1564 2502 ex
1614 2412 1909 2501 eodem
1959 2417 2173 2499 libro
2238 2441 2659 2531 excerptos
2708 2420 3071 2503 censuris
3121 2418 3363 2502 variis
3395 2480 3426 2519 ,
3478 2446 3682 2532 quas
3732 2415 4244 2528 respective,
4300 2436 4396 2499 ut·

1030 2541 1322 2645 ajunt,
1387 2534 1548 2619 hoc
1611 2557 1784 2640 est,
1851 2535 2157 2645 singuli
2234 2535 2597 2652 aliquam
2667 2538 2952 2623 saltem
3030 2566 3320 2621 eorum
3385 2533 3976 2639 merebantur,
4064 2555 4394 2620 notatos

1024 2686 1177 2771 pro
1226 2653 1478 2769 hujus
1530 2653 1877 2740 Sanctae
1955 2651 2188 2739 Sedis
2254 2685 2481 2741 more
2599 2659 3219 2772 roscripsimus:
3292 2651 3761 2769 cujusmodi
3824 2650 4169 2740 remedii
4242 2685 4388 2741 ne·

1030 2776 1489 2862 cessitatem
1557 2798 1738 2861 tum
1800 2798 2302 2863 memoratus
2379 2688 2859 2864 Lud'ovicus
2929 2773 3156 2879 Rex,
3238 2798 3418 2859 tum
3497 2774 3875 2893 plerique
3940 2805 4039 2859 ex
4112 2772 4391 2860 Gallia

1024 2892 1421 3009 Episcopi
1497 2893 1944 3007 supradicti
2001 2898 2304 2979 iteratis
2389 2895 3082 2981 obtestationibus
3152 2895 3773 2983 inculcaverant
3816 2956 3839 3000 ,
3910 2924 4079 2978 non
4150 2894 4394 2980 aliter

1025 3014 1360 3099 suborta
1409 3011 1740 3099 dissidia
1804 3011 2069 3097 sedari
2118 3044 2352 3125 posse
2400 3037 2868 3122 constanter
2916 3012 3468 3126 affirmante53
3525 3036 3691 3099 tota
3742 3010 4087 3131 quidem
4139 3011 4391 3099 Chri-

1024 3136 1129 3217 sti
1175 3133 1549 3218 Ecclesia
1624 3131 1967 3217 Petrum
2040 3163 2188 3245 per
2234 3132 2457 3238 Nos,
2548 3135 2866 3220 tametsi
2939 3131 3377 3243 indignos,
3465 3136 3949 3253 loquentem
4035 3158 4317 3219 secuta
4355 3197 4381 3242 ,

639 3274 1003 3345 praedictae
1028 3253 1588 3366 Apostolicam
1639 3247 2699 3367 ejusdemConstitutionis
2747 3253 3209 3341 doctrinam
3277 3252 3561 3339 debito
3613 3253 4014 3371 obsequio
4050 3315 4076 3358 ,
4131 3277 4389 3370 atque

642 3369 970 3479 eonstitu-
1029 3369 1498 3459 obedientia
1550 3376 1930 3485 suscepit.
2017 3375 2134 3457 At
2178 3373 2685 3479 Novatores,
2766 3378 2911 3494 qui
2962 3398 3427 3492 sequuntur
3476 3374 3854 3487 spiritum
3929 3403 4173 3457 suum
4224 3435 4248 3479 ,
4313 3396 4398 3460 et

638 3459 971 3619 2¹2³ss&ssss
1029 3490 1238 3575 nihil
1287 3490 1577 3581 vident
1613 3553 1636 3597 ,
1707 3523 1805 3577 ex
1875 3493 2337 3580 inconsulta
2388 3492 2869 3581 eorumdem
2957 3525 3414 3607 paucorum
3495 3493 3986 3577 Antistitum
4040 3489 4388 3578 haesita-

644 3664 776 3706 non
851 3598 1253 3707 obstione
1317 3615 1429 3698 ita
1503 3613 1819 3697 animos
1886 3612 2358 3697 extulerunt
2406 3676 2431 3720 ,
2525 3639 2622 3700 ut
2697 3611 3168 3700 incredibili
3247 3610 3592 3700 audacia
3674 3610 4386 3698 Constitutionem

644 3733 956 3801 stantibus
1028 3732 1288 3845 ipsam
1333 3761 1712 3844 perverse
1762 3735 2278 3844 interpretari
2326 3797 2356 3835 ,
2418 3757 2504 3819 et
2566 3737 2969 3821 incessere
3014 3800 3045 3839 ,
3112 3764 3579 3851 pravaeque
3645 3735 3894 3820 etiam
3960 3728 4391 3848 doctrinae

643 3846 1005 3982 ἰῗξζωῗζ
1027 3880 1176 3964 per
1222 3848 1747 3965 impudentes
1807 3851 2256 3937 calumnias
2305 3855 2783 3941 insimulare
2848 3884 3018 3939 non
3081 3853 3589 3938 erubuerint.
3666 3852 3957 3970 Itaque
3993 3915 4018 3959 ‚
4094 3873 4191 3938 ut
4256 3882 4380 3939 rc-

644 3962 978 4094 impu'den-
1027 3969 1434 4058 luctantes
1482 3969 2132 4087 illosEpiscopos
2180 3969 2289 4056 ad
2336 3972 2722 4061 sectanda
2766 3974 3148 4059 Fratrum
3201 4003 3539 4058 suorum
3587 3975 3924 4083 vestigia
3978 3974 4389 4063 excitare-

643 4098 788 4202 tien,
843 4100 1005 4164 exci-
1029 4121 1212 4175 mus
1251 4154 1274 4197 ,
1342 4123 1436 4178 ac
1508 4089 1936 4176 turbarum
1979 4152 2002 4195 ‚
2064 4092 2636 4210 malorumque
2689 4095 3066 4179 'omnium
3114 4090 3489 4179 fomitem
3524 4157 3555 4196 ,
3620 4122 3871 4211 quern
3921 4090 4387 4205 improvida

641 4188 1003 4346 {uosffiffie
1030 4209 1166 4296 illa
1216 4213 1636 4298 cunctatio
1700 4213 2366 4315 ministraverat,
2455 4217 3113 4323 extingueremus
3152 4276 3175 4319 ‚
3248 4215 3681 4298 canonicas
3749 4209 4389 4298 animadversio-

639 4302 752 4440 ci?
779 4359 1177 4453 literis‚¹¹e³
1225 4354 1407 4442 post
1457 4329 1851 4415 diuturna
1902 4334 2151 4417 trium
2218 4363 2628 4419 annorum
2684 4333 3323 4445 longanimitatis
3386 4334 3939 4445 experimenta
3994 4328 4393 4417 adhibere

644 4480 709 4531 et
742 4464 1002 4573 S.·R.E·
1031 4454 1737 4537 constitueramus.
1793 4450 2110 4536 Verum
2161 4453 2819 4541 Venerabiles'F
2823 4476 3071 4541 ratres
3122 4455 3378 4538 nostri
3431 4454 3509 4537 S.
3554 4451 3650 4535 R.
3701 4452 3807 4535 E.
3861 4449 4387 4557 Cardinale5‚

635 4556 941 4712 gardmffl·
1028 4568 1530 4684 quibuscum
1583 4573 1982 4655 rationem
2050 4573 2366 4657 consilii
2436 4577 2691 4659 nostri
2745 4576 3357 4659 communicare
3426 4603 3785 4689 aequum
3836 4602 4010 4658 esse
4061 4574 4385 4658 censui-

634 4671 953 4829 Ρξζζπζῃ,
1021 4718 1266 4791 mus,
1333 4688 1507 4773 Nos
1569 4694 1803 4776 enixe
1858 4690 2549 4799 obsecraverunt,
2632 4717 2728 4778 ut
2796 4694 3214 4807 paulisper
3289 4725 3332 4776 a
3386 4692 3934 4779 severioribus
4001 4687 4390 4778 remediis

638 4831 786 4896 dam
852 4808 1557 4928 obe2supersedere
1599 4811 2001 4897 vellemus
2040 4875 2063 4918 ,
2106 4807 2308 4898 dum
2363 4816 2692 4899 interim
2731 4811 3317 4898 communibus
3368 4811 3623 4897 literis
3661 4810 4086 4922 Collegam
4143 4841 4392 4897 suum

631 4921 971 5076 dianensi:
1024 4926 2023 5017 Constitutioni·nostrae
2089 4962 2261 5018 sese
2328 4933 2737 5048 subjicere
2807 4931 3461 5038 detrectantem,
3531 4953 3777 5050 atque
3844 4930 4138 5016 iisdem
4181 4962 4394 5046 apro·

641 5026 994 5170 {limidi-¹²⁰
1024 5072 1299 5161 pterea
1389 5047 2241 5136 animadversionibus
2291 5053 2739 5138 obnoxium
2805 5053 2913 5139 ad
2962 5055 3298 5140 unitatis
3335 5115 3357 5158 ,
3429 5075 3510 5139 et
3566 5055 3789 5170 pacis
3851 5051 4187 5137 consilia
4270 5084 4392 5136 re-

1022 5197 1318 5256 vocare
1375 5192 1899 5255 conarentur.
1948 5171 2269 5256 Eorum
2324 5177 2572 5283 igitur
2622 5174 3007 5287 precibus
3056 5196 3512 5260 annuentes
3549 5237 3578 5276 ,
3641 5203 3745 5257 ne
3795 5202 4047 5290 quam
4100 5171 4388 5258 lenita-

1026 5290 1128 5373 tis
1197 5292 1418 5377 viam
1471 5290 1959 5377 intentatam
2011 5293 2666 5409 relinqueremus
2699 5357 2728 5398 ,
2783 5324 2934 5406 per
2998 5294 3176 5380 illas
3236 5296 3444 5408 ipsas
3494 5290 3869 5379 inducias
3918 5290 4091 5377 Nos
4168 5318 4387 5406 quo,-

987 5414 1192 5522 'que
1242 5407 1348 5493 ad
1397 5410 1834 5496 universos
1885 5410 2622 5526 ArchiepiscoPOS,
2675 5436 2756 5499 et
2789 5414 3240 5528 Episcopos
3296 5413 3557 5521 Regni
3608 5411 4065 5499 Galliarum
4117 5408 4387 5494 literas

1025 5528 1114 5610 in
1197 5523 1465 5619 forma
1514 5528 1799 5626 Brevis
1863 5529 1999 5620 die
2074 5564 2196 5619 xx.
2266 5531 3426 5648 NovembrisMDGGXVI.
3467 5529 3881 5647 expeditas
3946 5526 4383 5632 dedimuS,
