4834 6409
1046 554 1218 648 25'2

1043 670 1413 782 cellum,
1471 704 1621 764 seu
1701 704 1949 791 parva
2010 675 2389 766 Ecclesia
2427 742 2454 786 ‚
2537 677 2826 765 tribus·
2863 672 2973 763 ad
3033 694 3457 765 summum
3540 671 3969 761 Altaribus
4047 695 4430 765 extructa·

1042 799 1344 901 Beatae
1391 796 1713 907 Virgini
1766 797 2079 886 Mariae
2129 799 2644 887 Auxiliatrici
2699 793 3078 885 dicanda.
4199 871 4216 879 -

1160 918 1469 1004 Tertio.
1526 917 2236 1006 Missionariorum
2286 953 2689 1007 numerus
2738 923 2842 1007 sit
2887 948 3242 1033 semper,
3278 938 3361 1004 et
3410 919 3494 1000 in
3549 944 3850 1001 aevum
3900 938 4407 1032 quaternus,

1002 1024 1454 1125 ‘Missionis
1513 1041 2012 1151 Superiore,
2072 1072 2327 1161 quem
2398 1041 2641 1127 Pater
2722 1041 3262 1126 Provincialis
3324 1068 3646 1151 semper
3729 1032 4259 1146 designabit,
4322 1044 4410 1125 in

1041 1191 1382 1247 censum
1433 1161 1683 1245 simul
1730 1164 2116 1249 veniente
2153 1226 2177 1267 ,
2231 1193 2402 1247 uno
2452 1162 2739 1248 Fratre
2786 1162 2995 1246 laico
3025 1165 3381 1274 ‘insuper
3429 1154 3770 1262 addito,
3825 1160 3970 1274 qui
4020 1189 4418 1246 numerus

1044 1283 1221 1369 sine
1271 1312 1647 1396 expresso
1699 1307 1977 1367 nostro
2012 1349 2041 1386 ,
2105 1284 2239 1369 vel
2294 1284 2876 1369 Successorum
2907 1347 2932 1389 ,
2997 1304 3082 1368 et
3126 1278 3648 1368 Venerabilis
3711 1279 3962 1363 nostri
4027 1276 4399 1394 Capituli

1040 1432 1450 1488 consensu
1500 1402 1751 1486 nullis
1802 1435 2172 1521 unquam
2224 1404 2738 1518 temporibus
2788 1406 3068 1512 augeri
3105 1462 3130 1507 ‚
3186 1432 3340 1486 nec
3393 1401 3658 1508 minui
3711 1400 3987 1513 possit.

1162 1521 1509 1629 Quarto.
1567 1523 2143 1611 Providebunt
2168 1555 2415 1641 porro
2449 1525 2944 1623 Monasteria
2998 1521 3105 1608 de
3157 1519 3561 1629 Salzbnrg
3591 1542 3733 1624 ,et
3769 1515 4146 1606 Radstatt
4175 1582 4202 1626 ,
4241 1524 4414 1610 sive

1035 1645 1214 1758 ipse
1265 1641 1506 1729 Pater
1558 1643 2095 1731 Provincialis
2127 1710 2156 1750 ,
2210 1670 2293 1732 et
2341 1646 2774 1730 Provincia
2831 1643 3359 1729 Missionariis
3410 1637 3848 1754 praedictis
3897 1636 4004 1726 de
4055 1671 4416 1753 congrua

1038 1766 1683 1871 sustentatione,
1750 1789 1928 1850 tum
1992 1786 2069 1850 et
2152 1764 2258 1851 de
2310 1765 2858 1880 suppellectili
2911 1828 2936 1869 ,
3005 1765 3352 1880 aliisque
3441 1763 3912 1847 necessariis
3973 1758 4082 1844 ad
4172 1794 4414 1849 usum

1042 1883 1395 1990 Sacessi,
1463 1887 1635 1991 sic,
1703 1878 1798 1970 ut
1883 1918 2036 1972 nec
2085 1887 2407 1991 Nobis,
2475 1887 2960 1969 Provinciae
3009 1907 3382 1986 nostrae,
3447 1881 3582 1966 vel
3647 1906 3731 1968 et
3803 1878 4159 1965 subditis
4224 1886 4413 1999 ipsis

1040 2001 1150 2089 de
1196 2003 1605 2095 Districtu
1652 2006 2065 2092 Missionis
2115 2005 2784 2120 Capuccinorum
2839 2005 3044 2090 fiant
3092 2005 3468 2107 onerosi,
3537 2003 3784 2111 lignis
3837 2001 3946 2086 ab
4005 2005 4193 2112 igne
4245 2028 4421 2091 tan-

1044 2122 1484 2210 tummodo
1535 2125 1941 2241 demptis,
2007 2159 2221 2246 quae
2270 2127 2495 2233 Nos,-
2573 2150 2654 2213 et
2710 2126 3231 2211 Successores
3298 2122 3573 2206 Nostri
3655 2126 4074 2236 perpetuis
4123 2120 4423 2217 futuris

1046 2246 1563 2360 temporibus
1639 2246 1745 2332 ad
1827 2280 2063 2334 usum
2102 2311 2132 2351 ,
2193 2272 2276 2335 et
2366 2250 2928 2334 necessitatem
3013 2244 3428 2331 Missionis
3511 2242 3834 2329 Domus
3910 2243 4418 2359 suppeditari

1041 2363 1652 2454 mandabimus.
3125 2412 3130 2417 ·
3935 2366 3944 2453 ᾗ

1172 2487 1520 2595 Quinto.
1587 2488 2228 2598 Designabimus
2304 2492 2498 2605 ipsis
2578 2487 2677 2574 ad
2758 2481 3323 2600 peragendum
3363 2496 3366 2497 ’
3408 2483 3929 2597 Apostolicae
4005 2485 4418 2571 Missionis

1044 2605 1419 2695 officium
1476 2632 1732 2695 totam
1802 2610 2406 2697 Praefecturam
2456 2607 3018 2695 Wersfensem
3050 2673 3081 2712 ,
3145 2636 3336 2691 cum
3415 2603 3824 2719 adjacenti
3882 2606 4270 2691 Praetura
4326 2610 4458 2690 in-

1041 2727 1717 2837 Bischosfboven,
1769 2728 2377 2818 Praefecturam
2415 2734 2499 2847 in
2559 2731 3052 2815 Abbatenau
3103 2734 3297 2815 cum
3345 2726 3484 2809 illa
3536 2725 3639 2811 de
3693 2727 4205 2845 Gollinqua:
4267 2724 4426 2811 hae

1043 2881 1329 2936 omnes
1380 2852 1541 2937 late
1605 2875 1886 2965 patent
1935 2851 2210 2970 quoad
2266 2852 2796 2967 temporalem
2853 2881 2997 2964 per
3051 2880 3197 2936 nos
3247 2876 3534 2934 eorum
3606 2845 4050 2934 Praefectis
4100 2845 4431 2958 delega-

1042 2994 1212 3056 tam
1260 2970 1946 3085 jurisdictionem.
2352 2998 2355 3001 *

1165 3094 1432 3178 Sexto.
1499 3093 1720 3200 Quia
1777 3125 1971 3180 vero
2021 3093 2525 3179 Missionarii
2573 3096 2721 3206 ipsi
2779 3117 2946 3179 tam
2997 3091 3250 3179 latum
3284 3157 3309 3200 ,
3381 3094 3797 3207 longeque
3862 3086 4243 3174 dissitum
4308 3089 4432 3176 di-

1043 3214 1420 3298 strictum
1499 3245 1927 3328 peragrare
2009 3212 2235 3299 haud
2312 3238 2705 3330 possent,
2795 3219 2858 3298 si
2927 3237 3448 3301 excurrentes
3541 3213 3970 3297 necessarii
4046 3208 4153 3295 ad
4204 3243 4290 3297 se
4337 3244 4430 3299 se

1048 3329 1387 3417 alendos
1453 3337 1826 3447 pecuniis
1904 3366 2079 3420 non
2150 3333 2461 3421 fuerint
2537 3338 2989 3441 instructi,
3056 3334 3255 3421 hinc
3333 3337 3842 3442 assignamus
3922 3348 4420 3453 memoratae

1044 3451 1360 3537 Domui
1398 3455 1811 3539 Missionis
1860 3486 2180 3541 annuos
2231 3455 2585 3541 florenos
2637 3480 2972 3547 centum
3029 3487 3126 3540 ex
3177 3456 3505 3569 capitali
3559 3452 3909 3538 statibus
3948 3452 4431 3541 Provinciae
4473 3548 4478 3551 Α

952 3688 959 3695 ι
1048 3607 1089 3657 a
1143 3596 1449 3659 secreta
1504 3572 2039 3687 deputatione
2092 3600 2361 3665 nostra
2418 3607 2515 3663 ex
2568 3577 2900 3661 mulctis
2951 3575 3442 3677 haereticis,
3474 3574 3603 3662 vel
3657 3571 3764 3658 de
3801 3573 4117 3661 haeresi
4153 3604 4429 3687 suspe-

1049 3698 1198 3779 ctis
1251 3693 1649 3781 hactenus
1715 3694 2046 3782 indictis
2098 3696 2514 3802 conflato',
2583 3721 2666 3783 et
2715 3694 2816 3781 ad
2872 3701 3384 3812 quincunces
3443 3726 3727 3781 usuras
3781 3700 3969 3780 cum
4025 3699 4434 3781 omnimo·

1050 3812 1729 3902 da⁸immunitate
1781 3818 1885 3903 ab
1938 3820 2164 3901 omni
2254 3815 2806 3905 decimatione
2838 3883 2865 3921 ,
2934 3843 3235 3924 steura,
3292 3816 3559 3905 aliove
3610 3813 4128 3925 excogitabili
4177 3846 4430 3903 onere

992 3936 1302 4028 -reali..
1370 3959 1513 4021 aut
1588 3938 1991 4050 personali
2073 3939 2448 4047 elocat03
2514 3939 2886 4023 volentes
2951 3942 3345 4049 insuper,
3416 3960 3497 4020 et
3547 3934 4034 4023 mandantes
4074 3998 4097 4039 ,
4169 3963 4456 4051 utque.

1050 4054 1453 4143 hactenus
1506 4088 1650 4168 per
1703 4060 2276 4176 inquisitiones
2328 4090 2472 4172 per
2523 4057 3191 4172 Capuccinorum
3245 4058 3675 4141 Missiones
3725 4054 3977 4143 factas
4040 4056 4122 4140 in
4180 4056 4421 4143 Prae-

1048 4172 1390 4265 fecturis
1429 4180 1547 4261 W
1551 4175 1809 4273 erfsen
1844 4242 1869 4285 ,
1909 4202 1995 4264 et
2046 4176 2418 4264 Radstatt
2454 4242 2477 4283 ,
2537 4202 2707 4265 tuin
2764 4205 2844 4264 et
2895 4184 2977 4262 in
3039 4174 3578 4264 praefecturis
3631 4178 4025 4289 Wagrain
4070 4175 4460 4265 indictae·

1046 4294 1429 4415 suerunt,
1500 4295 1869 4383 nondum
1929 4322 2197 4385 tamen
2242 4324 2592 4427 exaptae
2628 4364 2651 4406 ,
2708 4300 2840 4384 vel
2905 4296 3006 4382 ad
3061 4331 3368 4385 cassam
3419 4298 3831 4385 Missionis
3885 4301 4429 4407 transmissae,
4452 4354 4474 4379 2

1049 4433 1191 4501 aut
1244 4422 1576 4535 quaein
1634 4417 2007 4505 futurum
2062 4419 2604 4504 dictabuntur
2658 4422 3179 4534 pecuniariae
3243 4447 3558 4532 poenae
3611 4417 4002 4509 adversus
4056 4420 4438 4506 subditos

1048 4538 1421 4622 Missioni
1477 4570 1760 4637 eorum
1819 4544 2290 4626 commissos
2326 4605 2355 4644 ,
2418 4573 2562 4652 per
2616 4540 3053 4654 praefatam
3109 4566 3503 4627 secretam
3588 4537 4213 4651 deputatione-m
4283 4572 4435 4626 no-

1055 4680 1301 4742 stram
1391 4658 2436 4779 eparentur,'deuturque
2515 4663 2984 4755 successive,
3033 4663 3112 4743 in
3198 4692 3531 4745 censum
3588 4722 3612 4763 ,
3683 4686 3773 4745 ut
3848 4694 4089 4775 supra
4143 4720 4171 4761 2,
4240 4692 4434 4747 eum

1049 4780 1364 4892 precise
1414 4782 1494 4863 in
1552 4776 1801 4865 finem
1843 4843 1866 4884 ‚
1936 4805 2025 4866 ut
2077 4780 2362 4867 domui
2419 4771 2830 4865 Missionis
2882 4778 3346 4892 praedictae
3428 4778 3529 4865 ad
3588 4812 3830 4865 usum
3885 4807 3967 4868 et
4029 4779 4432 4867 effectum

1054 4897 1159 4985 de
1209 4899 1515 5017 quibus
1571 4905 2102 5013 praemissum
2152 4926 2274 4989 est
2336 4908 2588 4988 annui
2646 4902 2938 4989 flor-eni
3005 4901 3357 4986 biscenti
3412 4933 3506 4987 ex
3561 4898 4100 4989 decurrendis
4169 4907 4436 4994 usuris

1050 5018 1379 5105 valeant
1437 5023 1702 5107 titulo‘
1742 5024 2310 5134 eleemosynae
2391 5022 2810 5134 persolvi,
2881 5021 3021 5106 ubi
3079 5026 3466 5132 temporis
3520 5045 3788 5107 tractu
3855 5053 4042 5108 mox
4124 5055 4434 5110 memo·

1050 5164 1273 5227 ratae
1305 5138 1717 5249 indictae,
1772 5166 1855 5229 et
1906 5174 2067 5228 non
2124 5165 2450 5229 exactae
2489 5207 2511 5247 ,
2553 5143 2685 5228 vel
2741 5139 3348 5258 indicendae-in
3389 5140 3766 5228 futurum
3799 5146 4156 5233 mulctae
4206 5143 4454 5231 aliud·

1053 5262 1399 5376 capitale
1435 5263 1945 5349 florenorum
1995 5264 2124 5348 bis
2174 5264 2411 5373 mille·
2456 5263 2971 5351 conflabunt.

1174 5382 1568 5497 Septimo.
1624 5380 1885 5491 Quod
1945 5414 2143 5473 vero
2227 5387 2615 5498 ipsosmet
2694 5385 2854 5468 ΡΡ.
2909 5388 3466 5475 Missionarios
3549 5390 3899 5492 attinet,
3965 5412 4427 5499 praesenta-

1048 5504 1693 5591 buntur-Nobis
1747 5537 2065 5621 semper
2116 5522 2296 5591 tum
2352 5538 2650 5608 nunc,·
2699 5529 2875 5591 tum
2941 5531 3026 5591 et
3106 5512 3581 5596 successivis
3656 5503 4173 5626 temporibus
4221 5508 4432 5596 desi-

1050 5622 1362 5734 gnandi
1419 5659 1461 5711 a
1518 5625 1757 5713 Patre
1812 5627 2311 5717 provinciali
2365 5657 2648 5713 eorum
2691 5693 2719 5730 ,
2782 5627 2926 5712 ubi
2987 5658 3181 5714 vero
3234 5624 3336 5712 ad
3391 5630 3823 5718 Missiones
3887 5654 4196 5719 nostras
4260 5626 4438 5716 sue·

1052 5744 1387 5833 rintab
1442 5743 1600 5835 hoc
1650 5748 1904 5839 semel
1946 5746 2269 5838 ⁴delecti
2312 5811 2334 5856 ,
2403 5747 2925 5871 ablegatique
2959 5813 2982 5860 ,
3050 5770 3133 5867 et
3183 5782 3226 5834 a
3279 5750 3542 5840 Nobis
3595 5754 3959 5870 recepti,
4014 5775 4098 5839 et
4144 5781 4433 5867 appros
