4834 6409
1066 378 1243 475 250

1055 534 1249 593 sum
1290 497 1780 619 relinquens
1814 560 1842 607 ,
1888 516 1987 587 ut
2034 521 2120 591 et
2164 498 2502 617 plebem
2585 499 2992 621 reliquam
3055 495 3882 589 novitatisilleeebra
3971 492 4446 613 corrumpe·

1056 646 1211 715 ret.
1264 620 1659 709 Pluribus
1718 651 2047 711 necesse
2088 620 2312 711 baud
2359 645 2488 711 est
2534 655 2709 715 rem
2759 624 3215 736 exprimere
3248 683 3276 727 ‚
3313 622 3511 738 quia
3562 617 3770 707 haec
3815 648 3960 731 per
4005 649 4097 707 se
4147 620 4448 737 liquet,

1050 766 1141 835 et
1186 745 1649 947 loquuntur
1712 738 1804 829 id
1848 745 2039 833 satis
2074 806 2101 851 ,
2150 767 2238 833 et
2287 743 2649 835 clamant
2697 767 2820 831 tot
2865 742 3200 860 publica
3253 764 3432 833 acta
3465 801 3494 846 ,
3547 761 3671 827 tot
3713 736 4072 853 desuper
4118 737 4439 829 habita⁴

1050 895 1242 951 rum
1341 864 1937 982 aquisitionum
1992 867 2477 977 volumina;
2541 866 2780 955 obliti
2841 894 3042 954 vero
3089 860 3317 951 haud
3365 892 3713 967 sumus,
3779 862 3928 978 qui
3989 883 4440 962 tunc-ser-J

1044 1015 1337 1075 mones
1382 983 1747 1071 bostium
1773 1049 1805 1090 ,
1866 991 2015 1106 qui
2064 1017 2439 1075 rumores
2485 990 2946 1075 amicorum
2995 982 3318 1092 forent,
3391 1014 3586 1071 cum
3665 979 4043 1070 dicerent
4102 982 4372 1098 palam
4407 1042 4436 1088 ,

1044 1106 1343 1221 culpae
1387 1109 1805 1221 majorum
1852 1132 2321 1195 nostrorum
2396 1109 2876 1197 incubuisoe
2935 1103 3258 1195 tamdiu
3339 1106 3426 1190 in
3477 1104 3999 1192 Provinciam
4079 1101 4436 1191 haeresis

1040 1223 1472 1315 infandam
1520 1249 1834 1341 pestem
1890 1227 2301 1339 Religioni
2350 1253 2676 1317 nostrae
2721 1232 2812 1315 in
2862 1225 3604 1343 Archiepiscopatu
3633 1287 3660 1331 ,
3711 1247 3856 1310 aut
3907 1226 4058 1338 ipsi
4093 1223 4436 1311 Archio-

1038 1349 1501 1465 piscopatui
1533 1411 1563 1451 ‚
1600 1372 1745 1435 aut
1796 1352 2130 1470 utrique
2178 1351 2485 1465 pariter
2531 1354 2700 1465 jam
2750 1355 2917 1465 jam
2965 1378 3143 1436 esse
3190 1342 3741 1463 pereundum.
3778 1344 4009 1430 Alios
4061 1373 4426 1463 namque

1055 1490 1331 1557 tantae
1362 1468 1603 1557 molis
1644 1470 2113 1557 exterrebat
2170 1501 2379 1585 opus
2410 1534 2436 1577 ,
2503 1472 2704 1558 alios
2755 1467 3222 1557 retardabat
3268 1470 3530 1557 exitus
3566 1467 3864 1583 plenus
3909 1467 4313 1578 periculi,
4354 1492 4441 1559 et

1047 1588 1274 1678 aleae
1308 1651 1334 1699 ,
1372 1589 1508 1677 vel
1556 1592 1730 1704 ipsa
1786 1594 1900 1677 rei
1951 1615 2119 1678 tam
2168 1594 2550 1706 ancipitis
2578 1655 2603 1698 ,
2653 1615 2736 1679 et
2786 1588 3095 1679 arduae
3142 1587 3362 1677 fama
3410 1589 3610 1675 alios
3662 1586 4002 1674 tenebat
4045 1591 4439 1679 attonitos

1046 1734 1344 1837 metu,
1408 1714 1972 1825 expectatione
2021 1742 2476 1829 suspensos.
2541 1711 2781 1799 Vidit
2827 1712 2990 1800 hoc
3040 1712 3532 1815 Provincia,
3599 1712 3767 1794 imo
3829 1730 3914 1791 et
3975 1706 4436 1821 Imperium

1050 1852 1351 1938 totum,
1400 1855 1488 1919 et
1534 1828 1897 1918 vidimus
1944 1832 2119 1919 Nos
2165 1865 2494 1921 summo
2544 1833 2976 1920 Pastoralis
3025 1835 3279 1920 animi
3331 1832 3586 1916 nostri
3637 1858 4062 1932 moerore,
4115 1825 4435 1916 adstru-

1046 1948 1325 2039 dimus
1374 1955 1720 2067 ipsamet
1766 1952 2195 2067 Religione
2242 1952 2622 2061 furores,
2687 1957 3239 2070 pugnavimus
3287 1953 3606 2040 viribus
3653 1952 3902 2052 totis,
3967 1951 4212 2034 armis
4240 2011 4264 2054 ,
4317 1952 4433 2039 le·

1046 2072 1353 2186 gibus,
1418 2070 1709 2164 edictis
1756 2135 1785 2180 ,
1844 2097 2076 2162 metu
2112 2138 2137 2181 ,
2201 2098 2289 2163 et
2368 2081 2686 2191 poenis.
2752 2076 3240 2190 Repulimus
3310 2073 3666 2184 viginti,
3725 2092 3808 2158 et
3884 2069 4100 2155 ultra
4163 2071 4427 2159 millia

1045 2195 1484 2314 utriusque
1532 2225 1825 2302 sexus,
1892 2199 2038 2316 qui
2098 2225 2265 2282 non
2322 2228 2578 2283 unam
2641 2194 2989 2304 Fidem,
3055 2199 3270 2282 sicut
3330 2226 3598 2283 uuum
3673 2193 4134 2307 principem
4172 2250 4196 2296 ‚
4265 2224 4432 2280 non

1044 2345 1318 2403 unum
1369 2316 1749 2424 cultum,
1786 2319 2002 2405 sicut
2052 2349 2315 2404 unum
2363 2317 2701 2405 Numen
2739 2381 2766 2424 ,
2805 2348 2975 2403 nou
3026 2348 3280 2404 unam
3332 2315 3792 2401 Ecclesiam
3826 2375 3850 2416 ,
3901 2312 4118 2396 sicut
4169 2343 4432 2400 unum

1048 2434 1465 2553 Baptisma
1532 2439 1913 2552 amplecti
1964 2438 2381 2533 volebant.
2437 2437 3012 2550 Relegavimus
3047 2499 3071 2544 ,
3139 2438 3339 2525 alios
3398 2437 3576 2523 aliis
3625 2431 3921 2521 mediis
3991 2430 4098 2517 ad
4151 2436 4431 2521 melio-

1046 2587 1225 2647 rem
1274 2555 1751 2646 reduximus
1798 2556 2120 2672 frugem
2157 2622 2184 2669 ,
2240 2582 2490 2680 atque
2541 2559 2698 2647 hac
2749 2557 3088 2645 demum
3138 2560 3272 2647 via
3321 2561 3676 2647 retulere
3727 2554 4000 2670 superi
4052 2577 4430 2642 constan·

1042 2680 1210 2767 tiae
1258 2702 1585 2769 nostrae
1630 2683 2089 2797 praemium
2127 2743 2152 2787 ,
2212 2685 2439 2768 stetit
2489 2676 3322 2793 Archiepiscopatus',
3387 2704 3475 2767 et
3535 2680 3734 2767 vicit
3766 2739 3791 2782 ,
3855 2676 4055 2760 vicit
4120 2678 4422 2788 pariter

1039 2794 1418 2887 Ecclesia
1453 2864 1485 2905 ,
1546 2824 1632 2888 et
1680 2799 2220 2918 triumphavit
2254 2867 2280 2909 ,
2333 2825 2419 2888 et
2475 2803 2989 2888 obtinuimus
3039 2798 3435 2906 insimul,
3488 2796 3717 2923 quod
3769 2795 3876 2882 ab
3924 2797 4163 2881 annis
4214 2796 4428 2885 ultra

1039 2916 1512 3007 biscentum
1562 2920 1925 3008 humana
1976 2923 2100 3007 vis
2150 2923 2376 3008 nulla
2429 2925 2879 3040 consequi,
2920 2945 3063 3008 aut
3117 2921 3516 3008 industria
3558 2940 3932 3036 poterat,
3971 2915 4202 3033 quod
4252 2921 4430 3031 pio·

1043 3070 1231 3125 rum
1284 3043 1660 3126 omnium
1709 3067 1896 3128 vota
1961 3041 2445 3155 flagitabant
2479 3106 2503 3150 ,
2567 3043 2798 3160 quod
2848 3041 3135 3128 fideles
3191 3074 3484 3128 omnes
3534 3076 3578 3128 a
3629 3042 3814 3127 Deo
3863 3042 4100 3125 enixe
4151 3070 4434 3152 preca·

1041 3159 1403 3267 bantur,
1470 3159 2060 3269 adiuvantibus
2144 3166 2229 3248 in
2300 3162 2385 3248 id
2437 3163 2784 3249 mirifice
2849 3164 3342 3250 coelestibus
3407 3167 3660 3278 ipsis,
3726 3163 3868 3280 qui
3923 3157 4102 3244 «hoc
4154 3162 4430 3274 ipsum

1041 3279 1305 3366 Nobis
1359 3307 1879 3370 reservarunt
1941 3314 2172 3398 opus.
2239 3284 2554 3371 Verum
2608 3287 3033 3370 enimvero
3068 3348 3093 3391 ,
3180 3282 3409 3402 quod
3471 3289 3580 3372 ita
3645 3307 3919 3368 tamen
3975 3283 4416 3396 comprimi

1047 3432 1214 3488 non
1267 3404 1628 3517 potuerit
1677 3401 2158 3517 pestiferum
2234 3403 2487 3520 hujus
2539 3403 2806 3490 feralis
2861 3404 3168 3518 hydrae
3236 3409 3521 3511 virus,
3591 3406 3796 3522 quin
3882 3400 4156 3518 aliqua
4231 3433 4417 3515 pars

1038 3527 1221 3637 ejus
1272 3553 1436 3608 non
1491 3522 1884 3610 resideret
1961 3522 2236 3611 adhuc
2290 3529 2371 3610 in
2429 3526 2916 3613 Provinciae
3000 3552 3323 3613 nostrae
3373 3525 3827 3612 visceribus
3864 3584 3891 3625 ‚
3955 3544 4205 3637 atque
4270 3525 4431 3636 spi·

1038 3665 1256 3730 raret
1306 3675 1585 3729 rursus
1635 3647 2014 3732 immanis
2067 3645 2269 3734 haec
2317 3646 2592 3733 bellua
2634 3711 2658 3754 ,
2702 3648 2894 3733 licet
2947 3671 3284 3734 centum
3336 3652 3590 3760 petita
3646 3645 4191 3746 vulneribus,
4244 3674 4434 3729 cen·

1040 3787 1223 3851 tum
1275 3766 1630 3851 vinculis
1680 3770 2115 3853 constricta
2168 3769 2470 3853 sensim
2522 3770 2818 3856 iterum
2872 3767 3220 3879 gliscens
3258 3831 3284 3872 ,
3336 3792 3420 3854 et
3470 3766 3574 3855 ad
3632 3767 3923 3882 reliqui
3977 3766 4431 3880 perniciem

1043 3886 1405 4001 corporis
1468 3889 1706 3973 tacita
1760 3890 2246 3999 contagione
2315 3918 2709 4003 serpens,
2775 3890 2984 3974 clam
3031 3889 3506 3977 ‘invalitura
3581 3895 3665 3974 in
3737 3886 3916 3974 dies
3965 3950 3991 3993 ,
4059 3888 4143 3971 in
4201 3885 4436 3971 flam·

1038 4036 1266 4111 mas,
1306 4030 1391 4094 et
1445 4004 1823 4095 incendia
1855 4070 1878 4113 ,
1944 4011 2008 4093 si
2060 4011 2246 4125 quis
2295 4009 2786 4115 ventilabit,
2851 4013 3358 4097 etiamnum
3410 4004 3864 4127 eruptura,
3918 4005 4121 4093 dum
4181 4005 4430 4094 alitur

1022 4124 1330 4215 doloso
1389 4130 1669 4216 cinere
1716 4132 2184 4244 suppositus
2231 4132 2493 4240 ignis,
2555 4132 2708 4217 nisi
2755 4133 3242 4241 tempestive
3277 4196 3301 4239 ,
3342 4133 3561 4218 malo
3609 4137 3777 4248 jam
3826 4129 4083 4215 nostri
4124 4125 4429 4234 edocti,

1041 4278 1402 4360 congrua
1487 4250 1866 4362 repagula
1935 4281 2397 4364 ponamus,
2465 4272 2716 4369 atque
2786 4251 3219 4338 obviemus
3269 4317 3294 4358 ,
3362 4252 3899 4367 appropriatis
3978 4247 4425 4353 remediis,

1041 4393 1482 4488 antequam
1536 4370 1878 4455 morbus
1931 4402 2208 4456 rursus
2258 4394 2629 4457 aestuare
2682 4374 3074 4485 incipiat3
3127 4403 3295 4458 nou
3348 4370 3654 4459 desinit
3704 4373 4093 4456 nimirum
4131 4371 4245 4454 sin
4297 4367 4428 4455 fu-

1038 4510 1325 4573 turum
1379 4489 1728 4603 amplius
1764 4553 1789 4596 ,
1853 4491 1996 4610 qui
2064 4494 2616 4599 ‚misereantur
2678 4523 2924 4606 super
2979 4494 3305 4580 turbam
3344 4558 3367 4601 ,
3437 4525 3542 4582 ne
3616 4493 3889 4607 plures
3922 4554 3945 4595 ,
4000 4515 4096 4576 ut
4145 4488 4424 4578 hacte-

1040 4640 1198 4694 nus
1277 4612 1612 4715 evenit,
1678 4633 1762 4696 et
1835 4614 2303 4698 meminisse
2382 4609 2670 4719 dolet,
2736 4610 3260 4702 dimittantur
3322 4618 3650 4728 jejuni,
3714 4634 3798 4701 et
3881 4610 4274 4699 deficiant
4338 4615 4424 4698 in

1037 4731 1171 4815 via
1206 4794 1235 4834 ,
1300 4726 1505 4817 dum
1570 4730 1959 4817 Parochis
1994 4795 2018 4838 ,
2074 4733 2419 4851 aliisque
2474 4733 2838 4819 locorum
2892 4735 3354 4847 pastoribus
3406 4737 3490 4820 iu
3541 4731 4029 4853 peragendis
4095 4731 4419 4820 Sacrifi-

1037 4851 1183 4937 ciis
1235 4914 1257 4956 ,
1324 4848 1827 4965 excipiendis
1878 4850 2615 4959 Confessionibus,
2656 4851 3302 4942 administranda
3362 4856 3614 4945 SSiiia
3664 4854 4185 4941 Eucharistia
4223 4917 4249 4959 ,
4281 4858 4424 4943 .νί-

1035 4968 1375 5059 sitandis
1428 4969 1774 5059 infirmis
1809 5037 1840 5076 ,
1876 4970 2327 5061 assistendo
2373 4972 2899 5062 moribundis
2930 5038 2954 5082 ,
3021 4976 3366 5096 aliisque
3416 4975 3878 5064 animarum
3928 5003 4176 5061 curae
4233 4972 4422 5063 fun-

1036 5092 1456 5181 ctionibus
1536 5095 1931 5181 continue
1967 5156 1991 5200 ‚
2059 5117 2143 5182 et
2192 5126 2290 5183 ex
2341 5128 2512 5184 asse
2565 5098 2893 5185 irretitis
2963 5126 3131 5182 nou
3183 5120 3417 5204 erat,
3484 5101 3629 5216 qui
3679 5096 4043 5213 parvulis
4104 5092 4426 5209 frange·

1032 5237 1161 5300 ret
1208 5245 1507 5330 panem
1538 5274 1563 5322 ,
1631 5216 2074 5305 instrueret
2123 5218 2591 5329 ignorantes
2630 5281 2655 5324 ,
2719 5216 3091 5304 flecteret
3141 5214 3442 5304 dubios
3475 5281 3500 5325 ,
3545 5216 3808 5338 'atque
3839 5212 3947 5303 ad
3996 5214 4423 5305 Ecclesiae

1033 5335 1254 5423 ovile
1308 5333 1742 5424 reduceret
1804 5336 2048 5450 longe
2141 5337 2471 5460 lateque
2547 5334 2866 5424 dissitas
2916 5356 3148 5424 oves:
3201 5337 3427 5425 Hinc
3474 5361 3594 5427 est
3629 5402 3655 5447 ,
3720 5334 3947 5455 quod
3984 5358 4422 5457 postquam

1030 5486 1184 5571 pro
1234 5457 1614 5571 pastorali
1668 5455 2226 5547 sollicitudine
2277 5462 2645 5547 animum
2677 5524 2704 5567 ,
2771 5483 3254 5577 nostrasque
3304 5457 3412 5547 de
3484 5458 3862 5547 funditus
3935 5456 4423 5574 ‘extirpanda

1031 5575 1351 5667 haeresi
1400 5609 1636 5667 curas
1686 5581 1772 5667 in
1824 5610 2161 5672 omnem
2209 5603 2527 5698 partem
2577 5579 2727 5669 diu
2756 5643 2781 5690 ,
2823 5581 3370 5704 multumque
3400 5583 3913 5681 versavimus
3949 5643 3974 5690 ,
4047 5578 4427 5703 dumque
