4834 6409
1091 484 1261 581 322
2638 578 2643 583 ,

1090 610 1561 699 Monasterii
1613 610 1714 696 N.
1787 606 2333 700 II.‘1n·²libro
2382 615 2854 699 Monasterii
2908 610 3435 697 adnotabitn'r
3511 643 3805 696 nomen
3882 610 4321 714 Ordinati,
4372 630 4458 693 et

1090 735 1479 846 Episcopi
1536 731 2081 837 Ordinantis,
2148 759 2230 819 et
2280 734 2454 819 dies
2491 797 2513 840 ,
2583 737 2878 818 mensis
2917 796 2940 836 ,
3021 756 3102 816 et
3170 764 3458 815 annus.
3539 731 3685 813 Ill.
3746 733 3827 812 Si
3880 736 4065 848 quis
4115 732 4459 816 ex'Pro·

1089 851 1314 938 sessis
1376 856 1826 964 permiserit
1878 888 1964 938 se
2027 853 2382 937 ordinari
2440 856 2751 969 absque
2804 856 3126 936 licentia
3162 854 3531 935 'Abbatis
3569 914 3592 956 ,
3659 875 3739 937 et
3790 851 4459 961 Congregationis

1001 1022 1008 1029 ·
1090 972 1685 1057 Monachorum
1741 1035 1765 1077 ,
1835 978 2250 1083 negotium
2329 978 2511 1086 ejus
2575 972 2679 1056 ad
2734 972 3145 1056 Abbatem
3213 971 3702 1056 Generalem
3769 968 4247 1072 deseratur,
4312 972 4457 1083 qui

1090 1092 1322 1177 illum
1403 1093 1507 1175 ab
1569 1095 1948 1176 exercitio
2001 1092 2347 1176 Ordinis
2402 1090 2847 1206 suspendat
2899 1152 2923 1195 ,
2990 1093 3329 1207 aliisque
3392 1094 3674 1205 poenis
3756 1091 4077 1199 plectat.
4149 1089 4457 1171 lV.1n

1086 1212 1469 1330 quolibet
1517 1212 2015 1296 Monasterio
2068 1214 2379 1296 clericis
2433 1213 2537 1296 ab
2592 1212 2916 1294 Abbate
2969 1215 3346 1320 magister
3396 1209 3839 1322 deputetur
3875 1272 3898 1309 ,
3932 1214 4071 1324 qui
4129 1240 4265 1293 eos
4317 1206 4462 1302 do-

1092 1356 1320 1435 ceat,
1387 1354 1471 1414 et
1519 1322 1687 1443 ‘ipsi
1760 1333 2023 1415 literas
2063 1330 2510 1441 ,diligenter
2561 1332 2931 1415 excolant
2980 1391 3004 1433 ,
3072 1340 3418 1445 quarum
3493 1360 3645 1441 ope
3696 1328 3976 1411 Choro
4042 1328 4455 1414 deservire

1088 1451 1473 1551 valeant,
1552 1458 1633 1532 fl:
1685 1448 2128 1535 Sacerdotii
2184 1478 2426 1535 onera
2480 1449 2726 1560 digne
2791 1448 3000 1532 ferre
3035 1512 3058 1552 ,
3126 1452 3469 1564 ejusque
3524 1452 3861 1532 munera
3918 1478 4062 1560 pro
4112 1448 4463 1557 dignita-

1091 1584 1172 1654 te
1225 1570 1538 1683 exequi.
1597 1569 1696 1651 V.
1761 1571 1852 1653 In
1927 1569 2295 1684 qualibet
2350 1571 2775 1653 Provincia
2816 1632 2845 1669 ,
2922 1571 2986 1650 si
3040 1566 3215 1651 fieri
3285 1590 3604 1678 potest,
3685 1596 3945 1649 unum
4014 1600 4106 1650 ex
4172 1574 4461 1673 Μφηςιὁ

1091 1692 1351 1772 steriis
1399 1686 2094 1805 frequentioribus
2178 1689 2281 1771 ab
2349 1690 2673 1775 Abbate
2751 1686 3135 1773 Generali
3212 1686 3311 1770 ad
3401 1684 3841 1799 excolenda
3918 1685 4186 1769 studia
4259 1684 4462 1768 desi·

1090 1830 1457 1915 gnetur„
1525 1811 1607 1890 in
1675 1840 1841 1925 quo
1892 1831 2208 1920 praeter
2251 1809 2762 1918 ‘Magistrum
2818 1809 3471 1908 Gramm'aticae,
3551 1808 3715 1888 sint
3789 1809 4031 1888 etiam
4099 1808 4230 1889 alii
4294 1803 4462 1888 duo

1011 2010 1016 2015 .
1087 1927 1516 2034 Magistri,
1582 1928 1783 2010 alter
1844 1928 2397 2030 Dialecticae,
2464 1951 2547 2013 et
2598 1926 3222 2040 Philosophiae,
3290 1926 3623 2008 et·alter
3692 1923 4244 2033 Theologiae,
4328 1926 4461 2013 vel

1094 2047 1379 2129 saltem
1455 2077 1670 2128 unns
1759 2046 2144 2154 Magister
2219 2070 2397 2159 post
2456 2070 2898 2159 'peractum
2979 2045 3641 2147 Grammaticae,
3710 2043 4207 2127 Dialecticae
4258 2106 4281 2146 ,
4382 2064 4465 2129 et

1092 2163 1662 2276 Philosophiae
1726 2166 2289 2268 curriculum,
2344 2168 2666 2249 Sacram
2720 2165 3253 2273 Theologiam
3307 2187 3841 2274 exponat,·et
3892 2162 4457 2271 Dogmaticam

1089 2286 1555 2395 praesertim
1589 2347 1611 2386 ,
1680 2308 1926 2403 atque
1976 2284 2370 2369 Moralem
2404 2348 2428 2388 ,
2483 2288 2702 2397 juxta
2759 2283 3240 2368 methodum
3294 2284 3395 2366 ab
3449 2280 3736 2366 eodem
3800 2280 4121 2366 Abbate
4178 2281 4464 2366 Gene—

1088 2402 1233 2485 rali
1288 2403 2028 2515 praescribendam.
2085 2404 2511 2488 Praeterea
2590 2406 3133 2488 constituatur
3188 2399 3655 2486 Praefectus
3719 2408 4179 2507 studiorum
4219 2465 4242 2505 ,
4312 2433 4453 2484 eu·

982 2616 987 2621 ‚
1088 2525 1220 2633 jus
1274 2552 1465 2605 cura
1531 2552 1700 2607 esse
1752 2521 2062 2625 debet,
2128 2547 2220 2606 ut
2274 2550 2445 2607 turn
2518 2556 2559 2607 a
2632 2518 3212 2628 ScholaribuS,
3284 2546 3457 2604 tum
3527 2522 3631 2603 ab
3696 2519 3988 2604 horum
4060 2519 4463 2629 Magistris

1088 2664 1437 2725 statutus
1501 2639 1701 2726 ordo
1746 2705 1768 2747 ,
1829 2666 1913 2727 et
1965 2644 2236 2751 regula
2301 2640 2757 2726 studiorum
2839 2641 3206 2727 servetur
3260 2676 3279 2724 ε
3350 2639 3737 2756 idemque
3801 2645 4145 2752 praeerit
4206 2643 4466 2722 omni-

1086 2759 1247 2843 bus
1299 2761 1614 2845 actibus
1667 2762 2102 2866 literariis‚
2167 2782 2247 2847 et
2328 2762 3065 2846 examinationibus
3148 2759 3685 2844 Scholarium.
3754 2758 3933 2842 Etsi
4012 2784 4283 2842 autem
4354 2757 4457 2840 ad

1085 2874 2051 2975 Abbatem'Generalem
2101 2905 2413 2995 spectat
2461 2944 2484 2985 ,
2551 2902 2716 2964 tam
2794 2872 3853 2983 Praefectum‚·Studiot·um
3896 2943 3919 2983 ,
3987 2910 4234 2994 quam
4290 2877 4459 2960 Ma-

1090 3003 1375 3111 gistros
1423 2997 1877 3114 praedictos
1929 2998 2381 3113 deputare3
2448 3000 2529 3081 in
2613 3001 2898 3083 mortis
2985 3006 3253 3083 tamen
3322 2997 4014 3099 aut‘infirmitatis
4115 2998 4465 3109 alicujus

1085 3132 1368 3202 'eorum
1429 3152 1670 3224 casu,
1739 3119 2282 3229 Congregatio
2335 3116 2933 3203 Monachorum
3024 3150 3182 3201 una
3270 3120 3459 3201 cum
3518 3116 3843 3200 Abbate
3910 3118 4126 3200 illius
4180 3118 4464 3200 Mona-

1087 3242 1365 3340 sterii,
1431 3238 1682 3321 alium
1738 3242 1816 3321 in
1876 3242 2051 3350 ejus
2128 3239 2398 3321 locum
2454 3232 3292 3349 subrogare'poterit,
3361 3235 3624 3320 donec
3693 3237 3972 3319 Abbas
4010 3236 4452 3320 Generalis

1092 3357 1628 3458 consulatur,
1693 3362 1930 3467 cujus
1980 3359 2133 3441 erit
2193 3363 2542 3468 spatium
2620 3362 2858 3445 etiam
2948 3388 3351 3441 annorum
3405 3354 3858 3464 assignare,
3929 3362 4095 3472 'quo
4170 3354 4463 3437 Gram-

1089 3478 1438 3558 maticae
1475 3536 1499 3579 ,
1582 3474 2150 3589 Philosophiae
2184 3541 2213 3579 ,
2280 3501 2360 3560 et
2412 3479 2702 3561 Sacrae
2752 3474 3249 3583 Theologiae
3299 3473 3660 3558 studium
3728 3473 4198 3586 perficiatur
4250 3509 4265 3553 ε
4336 3471 4459 3556 di-

1094 3594 1668 3679 stributionem
1725 3626 2057 3712 quoque
2112 3598 2549 3708 temporis,
2620 3620 2781 3678 tam
2870 3596 3318 3696 matutini,
3380 3626 3630 3710 quam
3714 3591 4303 3706 pomeridiani,
4378 3618 4462 3678 et

1092 3715 1553 3797 vacationes
1603 3746 1748 3827 per
1815 3712 2410 3818 hebdomadas,
2476 3738 2558 3798 et
2622 3746 2991 3822 annum3
3055 3718 3159 3796 ita
3221 3737 3487 3797 tamen
3523 3773 3547 3815 ,
3601 3736 3693 3799 ut
3749 3746 4016 3829 neque
4068 3712 4455 3796 horarum

1093 3830 1698 3916 canonicarum
1737 3897 1764 3935 ‚
1820 3836 2108 3918 Sacrae
2163 3834 2578 3939 Liturgiae
2634 3856 2988 3946 tempora
3032 3895 3054 3936 ,
3122 3834 3439 3947 aliaque
3497 3836 3933 3916 monastica
3988 3836 4357 3943 exercitia
4416 3867 4456 3916 a

1094 3953 1511 4035 communi
1582 3952 1884 4059 Regula
1920 4015 1944 4058 ,
2007 3976 2087 4036 et
2137 3951 2889 4036 Constitutionibus
2946 3954 3425 4063 praescripta
3477 3948 4118 4062 perturbentur,
4190 3982 4459 4071 neque

1094 4073 1304 4154 vires
1369 4069 1930 4179 studentium,
1998 4095 2138 4156 aut
2187 4072 2767 4180 Magistrorurn
2833 4072 3418 4182 opprimantur.
3486 4070 3631 4151 Vl.
3703 4070 4101 4177 Quolibet
4186 4100 4466 4154 mense

1095 4185 1537 4303 disputatio
1589 4192 1916 4303 publica
1974 4189 2164 4294 fiat,
2231 4214 2310 4273 et
2363 4190 2488 4275 bis
2557 4194 2636 4274 in
2695 4220 2911 4274 anno
2963 4194 3324 4273 examen.
3388 4186 3707 4273 Diebus
3760 4215 4041 4307 autemg·
4088 4190 4463 4273 Domini-

1100 4311 1211 4390 ci's
1276 4307 1734 4394 habeantur
1820 4311 2291 4394 collationes
2351 4311 2486 4395 vel
2540 4308 2642 4392 de
2700 4308 2951 4407 ‚Sacra
3019 4310 3428 4421 Scriptura
3464 4372 3487 4413 ,
3551 4308 3841 4395 velde
3893 4309 4211 4394 casibus
4265 4308 4455 4393 con-

1002 4426 1009 4432 ’
1090 4431 1530 4532 scientiae,
1615 4453 1753 4513 aut
1805 4432 2373 4525 controversiis
2428 4432 2505 4514 in
2568 4426 2938 4513 'Oriente
2994 4430 3454 4538 vigentibus
3532 4424 3917 4527 adversus
3997 4428 4466 4512 Schismati-

1098 4576 1294 4647 cos,
1364 4542 1893 4654 HaereticOS,
1960 4573 2040 4634 et
2108 4546 2551 4655 InfideIeS,
2617 4550 2836 4660 jux't'a
2912 4536 3451 4632 directionem
3512 4546 3901 4631 Praefecti
3968 4546 4457 4633 studiorum.

1099 4664 1287 4745 Vll.
1350 4666 1811 4775 Syriacam,
1886 4693 1965 4753 et
2030 4668 2466 4750 Arabicam
2530 4669 2891 4777 linguam
2946 4666 3200 4778 probe
3266 4666 3560 4770 callere
3613 4667 4086 4769 curabunt,
4178 4690 4269 4751 ut
4323 4671 4464 4751 Sa·

1100 4816 1272 4897 cras
1327 4785 1778 4893 Scripturas
1810 4850 1832 4890 ,
1901 4813 1980 4871 et
2033 4788 2308 4869 Patres
2346 4851 2373 4888 ,
2439 4782 3004 4902 Doctoresque
3057 4786 3321 4894 legere
3359 4849 3386 4887 ‚
3456 4811 3701 4902 atque
3752 4789 4259 4898 interpretari
4326 4817 4468 4871 va-

1102 4902 1345 4986 leant.
1397 4903 1632 4986 VIII.
1689 4906 1992 4991 Omnia
2047 4902 2152 4989 ad
2203 4903 2568 4990 studium
2628 4902 3065 4989 necessaria
3118 4903 3499 5001 subsidia
3535 4907 3659 5009 ¹ab
3714 4904 4042 4989 Abbate
4120 4902 4455 4990 studen-

1097 5014 1318 5105 tibus
1371 5020 1958 5135 procurentur.'
2007 5019 2446 5109 Studentes
2499 5057 2692 5109 vero
2743 5038 3094 5131 curent,
3147 5026 3414 5133 primo
3450 5088 3475 5126 ,
3534 5044 3636 5108 'ut
3683 5026 3933 5109 animi
3982 5026 4455 5136 puritatem,

1097 5146 1182 5225 et
1235 5166 1533 5226 rectam
1586 5145 1668 5226 in
1726 5144 2014 5228 studiis
2077 5146 2620 5231 intentionem
2701 5142 3093 5239 babeant.
3157 5140 3595 5250 SecundO,
3662 5168 3754 5228 ut
3803 5141 4075 5228 fervor
4149 5142 4463 5228 studio·

1099 5292 1278 5343 num
1340 5292 1500 5345 non
1583 5266 2047 5373 extinguat,
2116 5287 2255 5347 aut
2310 5269 2622 5348 minuat
2680 5292 3041 5349 amorem
3090 5260 3533 5375 solidarum
3615 5264 4046 5349 virtutum.
4113 5264 4392 5347 Tertio
4431 5330 4458 5372 ,

1097 5403 1191 5463 ut
1245 5382 1337 5462 iis
1388 5378 1913 5486 facultatibus
1964 5380 2288 5498 operam
2344 5383 2595 5486 dent,
2651 5386 2965 5505 eosque
2994 5380 3355 5467 audiant·
3387 5382 3813 5495 Magistros
3847 5447 3870 5488 ,
3926 5388 4131 5501 qu'os
4182 5383 4465 5469 Abbas

1089 5490 1962 5609 ·destinabit.''Quarto
1997 5532 2044 5609 ,·
2081 5500 2466 5587 uthoras
2518 5499 2827 5595 studio',
2878 5524 3038 5587 tam
3106 5500 3589 5608 communi,
3656 5504 3903 5621 quam
3970 5507 4282 5621 privato
4344 5524 4466 5586 at-

975 5670 978 5677 ·
1099 5618 1449 5703 tributas
1524 5620 1960 5733 diligenter
2011 5623 2472 5709 observent.
2530 5621 2902 5730 Quium,
2973 5644 3068 5706 ut
3128 5618 3191 5708 s'i
3246 5621 3674 5736 Magistros
3723 5621 4181 5711 studiorum
4219 5616 4462 5712 causa
