4834 6409
1808 498 1817 505 ·
3584 447 3774 557 369·-

368 565 499 655 bis
547 562 794 651 Anna
843 558 1237 649 Theresia
1289 557 1628 650 Gliclsin
1678 578 1868 646 nata
1922 555 2614 677 Laimprucberin
2644 619 2667 666 ‚
2709 554 3285 672 Christophori
3336 556 3769 649 Michaelis
3891 678 3894 681 Α

370 684 622 775 Glick
671 682 1074 770 Gamerae
1124 703 1446 787 nostrae
1503 679 1851 767 Aulicae
1901 679 2327 800 quondam
2382 680 2813 767 Secretarii
2881 679 3162 764 relicta
3207 678 3459 765 vidua
3493 745 3516 789 ,
3571 682 3772 771 Mis-

371 810 641 896 siones
690 802 1206 919 Apostolicas
1256 836 1300 888 a
1353 801 1593 889 nobis
1643 799 1747 885 ad
1798 803 2131 912 penitus
2181 797 2779 890 eliminandam
2818 797 3218 888 haeresim
3271 802 3484 888 intra
3533 815 3774 891 mo'n-

371 923 576 1013 tana'
607 922 1049 1038 'deputatas
1100 923 1714 1011 immortalitate
1763 917 2164 1009 donatura
2204 985 2228 1029 ‚
2305 923 2395 1008 in
2481 923 2751 1036 specie
2801 933 3140 1028 autem'‚.
3190 953 3296 1009 ne
3343 925 3625 1007 missio
3675 956 3772 1012 ex

371 1045 804 1135 nonnullis
853 1040 1196 1159 praefati
1250 1042 1594 1131 Ordinis
1629 1105 1652 1140 ,
1724 1064 1808 1127 et
1868 1040 2361 1131 Conventus
2413 1038 3000 1155 Sacerdotibus
3062 1044 3232 1159 jani
3283 1039 3388 1128 ad
3439 1045 3777 1131 initium

377 1169 573 1255 anni
634 1168 883 1283 1732.
939 1187 1206 1253 erecta
1258 1161 1709 1281 aliquando
1760 1162 2314 1251 collaberetur
2347 1225 2371 1268 ,
2425 1160 2570 1271 sed
2621 1158 2726 1249 ad
2779 1159 3057 1248 futura
3108 1167 3354 1249 etiam
3406 1185 3778 1281 tempora
3899 1173 3904 1179 ’
4039 1226 4046 1235 -

380 1290 468 1377 in
525 1308 925 1401 perpetuo
978 1288 1255 1390 vigore
1344 1305 1967 1373 conservaretur
2002 1346 2026 1390 ‚
2093 1317 2242 1399 pro
2292 1291 2474 1402 ejus
2551 1277 3039 1409 fundatione
3118 1283 3461 1398 capitale
3512 1284 3777 1403 quod-

380 1406 570 1511 dam
666 1410 964 1495 12600.
1055 1405 1411 1491 florenos
1496 1402 1602 1489 ad
1658 1402 2056 1491 effectum
2122 1405 2737 1521 approbationis
2819 1428 3140 1491 nostrae
3219 1436 3313 1491 ea
3377 1406 3694 1493 cautela
3751 1473 3775 1518 ‚

379 1523 633 1613 modo
669 1587 693 1628 ‚
747 1557 841 1611 ac
897 1528 1445 1611 reservatione
1522 1522 2046 1640 deputaverit
2082 1589 2107 1633 ‚
2176 1551 2270 1614 ut
2320 1530 2383 1612 si
2439 1553 2972 1648 quocumque
3024 1547 3394 1639 tempore
3458 1531 3783 1613 contin-

381 1668 608 1756 geret
645 1708 668 1749 ,
724 1646 1005 1730 Patres
1057 1642 2017 1759 ejusdem‘Conventus,
2058 1679 2153 1732 ac
2206 1645 2691 1733 Provinciae
2741 1641 3784 1774 antedictam‘Missionem

386 1798 553 1853 non
619 1767 971 1878 amplius
1025 1764 1328 1853 habere
1381 1764 1910 1871 obeundam,
1971 1788 2714 1882 praememoratum
2766 1765 3114 1876 capitale
3163 1798 3208 1850 a
3261 1765 3443 1851 l'oco
3493 1763 3784 1856 deten-

385 1889 631 1975 tionis
680 1919 875 1973 suae
930 1887 1382 1973 relevatum
1423 1949 1461 1992 ,.
1514 1918 1677 1973 una
1720 1918 1919 1973 cum
1979 1887 2393 1976 refusione
2442 1914 2981 2001 expensarum
3037 1889 3119 1971 in
3174 1889 3588 1975 erectione
3638 1888 3796 1975 do·'

384 2038 573 2090 mus
639 2006 1201 2099 Missionariae
1250 2003 1650 2093 factarum
1683 2069 1706 2113 ,
1762 2001 1994 2095 al'teri
2059 2006 2389 2096 cuidam
2441 2006 2813 2093 Missioni
2853 2067 2876 2111 ,
2945 2005 3380 2120 Hospitio,
3413 2007 3577 2092 ·vel
3630 2007 3786 2095 Fa·
3887 2017 3894 2023 ’

387 2126 665 2212 bricae
722 2127 1153 2235 religiosae·
1192 2129 1398 2213 intra
1437 2187 1463 2232 ‚
1514 2127 1649 2215 vel
1702 2151 1920 2217 extra
1979 2127 2680 2217 Archidioecesim
2734 2147 3095 2213 nostram
3148 2158 3298 2241 pro
3350 2126 3586 2231 libito
3621 2193 3646 2235 ‚
3698 2151 3785 2220 et

391 2243 491 2331 ad
551 2248 943 2360 placitum
1002 2246 1590 2353 provincialis,
1659 2279 1801 2332 seu
1868 2251 2405 2362 Superiorum
2494 2241 3011 2359 supradictae
3097 2249 3782 2358 Argentinensis,⁸

392 2398 539 2453 seu
594 2369 1048 2479 Superioris
1104 2365 1601 2457 Germaniae
1654 2367 2140 2457 Provinciae
2191 2369 2334 2455 illo
2365 2391 2734 2482 tempore
2763 2364 3414 2454 praesidentium
3469 2370 3791 2483 impen-

400 2484 756 2590 di‚.alia
813 2518 1009 2572 vero
1088 2491 1413 2583 ratione·
1455 2519 1609 2574 nec
1672 2511 2002 2601 posset,
2075 2520 2229 2576 nec
2280 2488 2625 2576 deberet
2701 2487 3113 2607 applicari.
3183 2486 3348 2574 Cui
3401 2490 3787 2579 intentio-

404 2609 487 2695 ni
559 2604 1088 2695 conformiter
1153 2607 1243 2692 P.
1304 2608 1891 2717 provincialis.
1962 2632 2044 2694 et
2127 2608 2617 2696 Conventus
2665 2605 3062 2722 praedicti
3116 2608 3379 2696 Nobis
3442 2611 3791 2699 ulterius

403 2724 869 2813 humillime
917 2729 1490 2840 supplicarunt
1541 2750 1951 2845 quatenus
2002 2762 2043 2813 a
2097 2728 2413 2832 Nobis,
2479 2758 2625 2816 seu
2678 2724 3127 2815 Ordinatio
3163 2791 3187 2837 ,
3256 2761 3351 2817 ac
3403 2729 3804 2847 Principe.

402 2847 864 2933 territoriali
930 2845 1313 2932 fundatio
1348 2909 1373 2951 ,
1425 2870 1508 2933 et
1559 2845 1981 2961 dispositio
2042 2845 2523 2960 hujusmodi
2577 2843 3170 2955 ratificaretur,
3223 2872 3309 2938 et
3351 2848 3794 2945 „confirma-

402 2988 628 3051 retur
660 3028 684 3071 ,
754 2998 848 3051 ac
897 2962 1237 3053 demum
1294 2968 1726 3083 principali
1781 2970 2066 3078 Sigillo
2115 2968 2417 3057 Nostro
2470 2967 3021 3057 roboraretur.
3078 2968 3355 3075 Quem
3411 2972 3493 3057 in
3536 2970 3794 3059 finem

411 3088 1080 3193 praenominatae
1131 3086 1466 3175 Gtiekin
1535 3087 1693 3173 sub
1759 3086 1946 3176 data
2020 3092 2149 3177 16.
2202 3088 2702 3178 Novembris
2772 3092 3212 3178 novissime
3279 3090 3530 3206 elapsi
3595 3095 3796 3181 antii

423 3206 640 3321 1735
741 3209 892 3290 rite
944 3202 1356 3293 confectas
1389 3271 1418 3313 ,
1480 3222 1575 3295 ac
1629 3209 1990 3318 legitime
2040 3208 2459 3326 expeditas
2509 3204 3022 3299 fundationis
3094 3211 3365 3300 literas
3415 3215 3502 3299 in
3553 3216 3804 3325 origi-1

414 3326 575 3415 nali
634 3325 893 3413 Nobis
955 3351 1623 3443 praesentarunt,
1695 3326 1803 3417 de
1864 3327 2122 3419 verbo
2171 3329 2279 3417 ad
2357 3328 2712 3421 verbum
2766 3329 2927 3419 hoc
2992 3357 3277 3421 tenore
3324 3357 3728 3423 sonantes.

838 3567 946 3655 In
1006 3566 1401 3658 -Nomine
1447 3568 2050 3661 Sanctissimae
2109 3571 2558 3661 Trinitatis
2601 3635 2625 3681 ,
2680 3574 2968 3661 Patris
3006 3635 3031 3682 ,
3097 3571 3323 3660 Filii
3344 3639 3374 3680 ,

795 3696 803 3701 “
1670 3710 1753 3776 et
1800 3691 2168 3807 Spiritus
2217 3692 2540 3782 Sancti.

536 3929 601 4030 S.
673 3933 803 4017 16.
868 3927 1053 4041 Ego
1104 3927 1737 4021 infranominata
1775 3936 2083 4022 virtute
2134 3931 2386 4049 hujus
2437 3934 2752 4049 publici
2805 3938 3330 4029 instrumenti
3381 3936 3797 4057 profiteor,
3923 3936 4182 4004 Instru-

425 4079 519 4135 ac
581 4070 992 4145 contestor
1026 4112 1053 4154 ‚
1120 4047 1344 4167 quod
1397 4075 1931 4174 posteaquam
1983 4078 2289 4144 attenta
2346 4054 3004 4144 consideratione
3057 4058 3452 4178 perpendi
3517 4063 3793 4150 multi·
3825 4043 4185 4188 fflenssffffia,
4239 4078 4246 4085 ’

424 4168 679 4277 plices
732 4164 1047 4253 fructus
1094 4230 1119 4274 ‚
1187 4199 1283 4255 ex
1342 4170 1877 4282 Missionibus
1959 4175 2550 4293 sapientissima
2604 4175 3124 4268 ordinatione
3176 4181 3591 4270 celsissimi
3630 4246 3658 4287 ,
3707 4213 4019 4280 actioni„
4089 4211 4191 4279 fa-

428 4284 616 4373 Rr'iii
671 4289 1085 4397 regnantis
1130 4286 1241 4375 D.
1311 4288 1421 4375 D.
1477 4288 1876 4411 Leopoldi
1930 4294 2550 4412 Archiepiscopi
2607 4298 3239 4412 salisburgensis
3290 4327 3445 4390 etc.
3513 4302 3804 4389 Domi·
3828 4319 3942 4373 etae
3979 4304 4190 4412 a'ljho-

427 4408 511 4493 ni
554 4436 587 4513 ,·
646 4436 739 4495 ac
819 4408 1224 4523 Principis
1297 4410 2133 4505 mei‘clementissimi
2207 4418 2419 4503 intra
2515 4442 2903 4506 montana
2971 4427 3258 4510 erectis
3342 4396 4187 4514 Universae‘mfflfflk·

426 4526 854 4616 Ecclesiae
907 4525 1384 4617 Catholicae
1460 4544 2102 4644 accrescentes','
2139 4535 2471 4627 eosdem
2525 4538 2794 4660 aliqua
2846 4567 3220 4656 exparte
3272 4548 3806 4659 cogitaverim

427 4673 941 4760 perpetuare.
1020 4649 1295 4758 Quem
1381 4653 1460 4741 in
1542 4649 1794 4745 finem
1848 4657 2130 4744 oculos
2180 4660 2480 4745 mentis
2558 4690 2790 4746 meae
2866 4669 3183 4778 conjeci
3236 4669 3314 4751 in
3407 4667 3578 4754 RR.
3637 4669 3800 4753 PP.

432 4768 1017 4858 Franciscanos
1066 4768 1202 4858 bic
1235 4771 1678 4888 salisburgi
1734 4774 2166 4867 sicdictae
2214 4780 2882 4891 Argentinensis,
2919 4814 3062 4872 seu
3115 4787 3574 4902 Superioris
3613 4791 3804 4876 Ale-

437 4891 754 4979 maniae
833 4891 1371 4993 Provinciae,
1452 4895 2003 5007 reflectendo,
2074 4893 2298 5019 quod
2352 4928 2520 4986 non
2575 4901 2836 4989 solum
2889 4936 3040 5017 pro
3091 4905 3550 5013 moderno,
3635 4941 3804 5025 quo

434 5034 579 5119 per
661 5006 899 5095 binos
954 5012 1230 5099 Patres
1286 5012 1691 5105 indefesso
1744 5015 2115 5128 fervore,
2183 5026 2649 5140 magnoque
2703 5022 3116 5125 Romanae
3174 5028 3619 5139 Religionis
3683 5032 3808 5117 in-

318 5226 325 5235 ,
437 5150 859 5214 cremento
911 5128 1383 5218 Missionem
1442 5136 1521 5219 in
1558 5135 2013 5250 ·Binzgavia
2103 5140 2451 5228 notabili
2501 5145 2663 5254 jam
2721 5166 3088 5256 tempore
3149 5150 3593 5256 obierunt,
3659 5147 3808 5235 sed

438 5250 773 5361 insuper
824 5247 928 5334 ab
981 5249 1609 5339 immemorabili
1668 5280 2032 5370 tempore
2084 5260 2425 5369 singulis
2475 5266 2711 5347 annis
2765 5296 2907 5377 per
2943 5266 3676 5379 Quadragesima'm
3715 5301 3814 5357 ex

438 5398 676 5469 causa
734 5365 1174 5457 incidentis
1226 5370 1782 5465 Confessionis
1831 5377 2242 5469 Paschalis
2289 5382 2665 5469 similiter
2716 5415 2859 5499 per
2909 5384 3116 5473 duos
3157 5388 3440 5478 Patres
3488 5388 3817 5478 ordina·

372 5552 387 5563 .
441 5491 602 5578 riae
651 5487 1021 5576 Missioni
1078 5518 1265 5581 cum
1321 5490 1567 5582 laude
1603 5560 1626 5602 ,
1694 5520 1777 5585 et
1825 5495 2105 5588 fructu
2158 5504 2702 5591 inservierint.
2760 5505 2886 5593 Ut
2935 5510 3183 5619 igitur
3234 5510 3476 5599 Sacra
3527 5513 3817 5600 Missio
3945 5580 3958 5593 .

440 5638 588 5722 pro
663 5642 891 5702 nuuc
946 5610 1253 5703 durans
1328 5614 1875 5734 praefatorum
1946 5621 2109 5711 PP.
2192 5622 2926 5717 Franz-iscanorum
3027 5627 3225 5719 dicti
3327 5630 3817 5725 Conventus
