4834 6409
1018 495 1189 601 304

629 609 734 715 εἶθ
771 616 1219 701 conce-0151„
1286 610 1827 716 babitabant,
1900 616 2124 698 nu‘nc
2175 610 2372 696 ve'ro
2450 606 2650 696 dicti
2711 600 3203 698 'Scholastici
3285 611 3519 723 jussu
3592 622 3900 690 nostro·
3946 596 4375 704 habitant,

631 700 899 784 dst,ete.
1027 765 1218 822 cum
1273 731 1600 817 duabus
1664 730 2052 818 domibus
2137 728 2361 816 dicto
2442 729 2827 844 hospitali
2912 730 3317 841 contiguis
3400 723 3506 813 ad
3577 728 3980 810 sintstram
4066 720 4384 837 partem'

1023 885 1308 941 versus
1358 854 1818 939 Ecclesiam
1883 849 2389 961 §.Brigidae
2438 852 2959 958 Svetiorum,
3023 873 3108 936 et
3172 874 3751 967 quaecumque
3814 843 3975 928 illis
4038 846 4388 927 circum-

1030 973 1366 1062 cedunt.
1425 976 1545 1058 Ac
1595 1005 1742 1086 pro
1772 971 2034 1057 divini
2087 973 2357 1057 cultus
2407 974 2790 1056 exercitio
2825 971 3282 1057 Ecclesiam
3339 968 3908 1052 Sanctissimae
3933 964 4387 1066 Trinitatis,

1030 1121 1113 1181 et
1176 1096 1254 1177 S.
1289 1093 1660 1178 Thomae
1710 1093 2094 1204 Martyris
2148 1092 2605 1202 Anglorum
2640 1152 2664 1195 ,
2732 1121 3059 1176 necnon
3111 1119 3260 1204 pro
3308 1085 3501 1173 dote
3558 1085 3757 1171 dicti
3838 1082 4184 1195 Collegii
4217 1144 4243 1189 ,
4296 1110 4391 1165 ac

1034 1216 1401 1301 Rectoris
1441 1276 1464 1319 ,
1531 1212 2206 1296 scholasticorum
2243 1273 2265 1315 ,
2332 1235 2417 1295 et
2465 1213 3029 1294 ministrorum
3090 1205 3702 1324 praedictorum
3770 1205 4390 1305 sustentatione,

1035 1364 1318 1417 omnes
1356 1396 1378 1437 ,
1436 1356 1519 1418 et
1568 1362 2133 1449 quascumque
2186 1331 2381 1414 alias
2435 1326 2772 1435 domos,
2817 1328 3243 1433 tabernaS,
3298 1329 3468 1411 sive
3517 1322 3975 1439 apothecaS,
4028 1321 4393 1440 stabula,

1036 1451 1384 1564 hospitia
1424 1515 1447 1557 ,
1513 1450 1790 1535 hortos
1828 1514 1850 1555 ,
1919 1481 2139 1535 areas
2174 1514 2203 1552 ,
2239 1453 2772 1562 proprietates
2810 1511 2833 1553 ,
2901 1464 3246 1552 census'3
3287 1443 3602 1530 fructus
3641 1508 3664 1549 ,
3729 1466 4168 1560 ceteraque
4217 1470 4392 1523 om-

1040 1574 1173 1655 nia
1205 1632 1230 1674 ,
1287 1594 1368 1656 et
1418 1601 1993 1688 quaecumque
2057 1570 2270 1652 bona
2325 1569 2657 1651 mobilia
2688 1631 2711 1671 ,
2753 1566 3204 1651 immobilia
3236 1628 3259 1671 ,
3317 1589 3399 1650 et
3447 1565 3949 1649 semoventia
3989 1627 4017 1666 ,
4069 1564 4399 1645 necnon

974 1798 981 1802 ἢ
1043 1722 1221 1794 res,
1295 1695 1698 1793 actioneS,
1767 1716 1847 1773 et
1896 1695 2072 1804 jura
2129 1686 2327 1772 dicti
2383 1686 2826 1799 Hospitalis
2851 1740 2879 1792 -,
2945 1709 3112 1771 tam
3167 1689 3249 1769 in
3304 1685 3595 1790 Urbe,
3650 1715 3897 1800 quam
3951 1705 4169 1767 extra
4219 1710 4401 1765 eam

970 1910 975 1915 ²
1040 1810 1555 1928 ubicumque
1609 1812 2126 1894 consistentia
2160 1871 2182 1912 ,
2223 1811 2823 1923 cujuscumque
2873 1807 3327 1923 qualitatiS,
3368 1807 3704 1916 speciei,
3773 1826 4110 1887 naturae
4145 1863 4168 1906 ,
4220 1820 4403 1913 pr‘e-

1042 1931 1190 2032 tii,
1245 1931 1771 2046 quantitatis,
1839 1961 1933 2012 ac
1999 1929 2247 2012 etiam
2309 1929 2562 2009 annui
2641 1923 2938 2011 valoris
3019 1927 3440 2010 existentia
3487 1986 3510 2029 ,
3580 1952 3790 2040 quae
3853 1925 4203 2025 omnia',
4271 1950 4406 2004 eo-

1046 2078 1400 2165 rumque
1449 2051 1927 2132 situationes
1963 2110 1985 2152 ,
2054 2046 2715 2158 nuncupationes
2751 2108 2775 2150 ,
2844 2042 3198 2129 confinia
3235 2067 3407 2159 ,net
3468 2042 3772 2146 latera,
3855 2073 3948 2125 ac
4012 2045 4077 2124 si
4146 2041 4405 2123 nomi·-

1044 2170 1300 2252 natim
1343 2230 1371 2271 ,
1434 2191 1516 2252 et
1564 2169 1644 2250 in
1702 2170 1970 2279 specie
2038 2163 2701 2250 describerentur
2736 2229 2765 2270 ,
2829 2164 3395 2279 praesentibus
3457 2194 3606 2276 pro
3656 2162 4042 2273 expressis
4090 2157 4405 2264 haberi,

1048 2307 1132 2370 et
1185 2284 1475 2392 aedes,
1531 2317 1623 2371 ac
1677 2309 1939 2372 cetera
2017 2316 2230 2402 quae
2289 2287 2590 2394 signari
2641 2308 2981 2397 possunt
3017 2346 3041 2389 ,
3104 2306 3198 2367 ut
3248 2316 3291 2366 a
3357 2284 3644 2369 ceteris
3696 2286 4408 2382 internoscantur,

1049 2407 1663 2523 quamprimum
1715 2409 2008 2508 armis,
2074 2428 2155 2490 et
2195 2406 2448 2514 signis
2512 2401 2714 2488 dicti
2770 2401 3115 2512 Collegii
3169 2399 3617 2488 forinsecus
3684 2403 3941 2485 notari
3997 2398 4406 2502 volumus,

1049 2556 1310 2642 eaque
1360 2529 1635 2609 omnia
1686 2558 1729 2608 a
1780 2524 2004 2610 dicto
2075 2523 2473 2635 hospitale
2545 2525 2885 2607 omnino
2935 2553 3450 2628 separamus,
3518 2546 3601 2606 et
3664 2518 4085 2633 adipsum
4139 2518 4415 2603 Colle·

1050 2647 1274 2752 gium
1326 2643 1882 2728 transferimus
1907 2708 1935 2748 ,
1975 2646 2081 2728 ita
2147 2665 2240 2727 ut
2291 2643 2716 2727 Protector
2749 2705 2773 2748 ,
2812 2665 2895 2727 et
2927 2640 3383 2741 scholastici
3445 2638 3842 2754 praedicti
3908 2640 4416 2751 corporalem

946 2802 957 2811 ·
1050 2763 1381 2847 illorum
1434 2767 1807 2847 omnium
1870 2767 2456 2878 possessionem
2521 2794 2667 2876 per
2738 2793 2883 2865 se,
2957 2763 3090 2848 vel
3168 2763 3474 2866 alium,
3539 2792 3684 2845 seu
3761 2760 3957 2844 alios
3998 2821 4020 2863 ,
4090 2761 4414 2872 propria

1054 2886 1533 2967 auctoritate
1601 2885 1857 2967 libere
1909 2880 2524 2996 apprehendere
2559 2945 2582 2987 ,
2622 2905 2717 2998 ‚et
2760 2904 3159 2996 perpetuo
3214 2884 3615 2984 retinere,
3683 2881 4184 2994 illorumque
4249 2876 4420 2961 fru-

1059 3024 1296 3104 ctuS,
1396 3000 1827 3104 redditus‘,
1917 3025 2001 3087 et
2074 3023 2587 3114 proventus,
2650 3005 2830 3114 jura
2884 3062 2908 3107 ,
3011 3000 3553 3086 obventiones
3598 3060 3620 3101 ,
3690 3031 3783 3084 ac
3850 3000 4414 3083 emolumenta

1058 3124 1335 3208 omnia
1387 3126 1865 3235 percipere,
1937 3124 2303 3230 exigere,
2370 3143 2455 3204 et
2531 3121 2799 3229 levare
2851 3183 2875 3226 ,
2940 3150 3035 3204 ac
3111 3123 3193 3205 in
3271 3136 3458 3204 suo's
3522 3117 3717 3205 dicti
3785 3117 4130 3227 Collegii
4201 3148 4424 3202 com·

1057 3269 1351 3323 munes
1415 3271 1663 3343 usus,
1728 3264 1809 3324 et
1862 3242 2293 3325 utilitatem
2362 3262 2839 3325 convertere
2878 3302 2902 3345 ,
2969 3239 3277 3345 libere,
3344 3262 3428 3325 et
3508 3239 3729 3325 licite
3804 3239 4154 3324 valeant.
4231 3238 4412 3322 Vic.

1060 3357 1211 3441 Ur.
1281 3380 1422 3441 aut
1473 3364 1834 3472 cujusvis
1899 3361 2229 3444 alterius
2317 3359 2644 3444 licentia
2698 3357 3058 3472 desuper·
3136 3361 3475 3444 minime
3530 3362 3908 3474 requisita
3949 3420 3973 3463 ,
4043 3357 4425 3441 Oecono-

1059 3508 1244 3560 mus
1310 3507 1557 3583 ver0,
1625 3501 1702 3563 et
1756 3479 1890 3561 alii
1943 3479 2356 3583 Ministri,
2425 3510 2522 3563 ac
2585 3484 3027 3564 servientes
3074 3475 3273 3563 dicti
3325 3477 3676 3589 Collegii
3725 3541 3749 3584 ,
3816 3480 4067 3590 ipsius
4131 3476 4425 3562 Recto-

1061 3597 1126 3677 ri
1191 3597 1576 3700 subsint,
1641 3620 1721 3682 et
1772 3596 1875 3682 ad
1954 3605 2131 3713 ejus
2205 3600 2793 3712 praescriptum
2828 3661 2852 3704 ,
2905 3620 2989 3683 et
3036 3595 3518 3684 mandatum
3569 3599 3910 3682 omnino
3963 3598 4424 3714 obsequan-

1061 3737 1199 3797 tur
1234 3778 1258 3821 ,
1331 3716 1705 3833 nihilque
1769 3741 2049 3804 contra
2101 3719 2320 3801 illius
2368 3718 2877 3803 voluntatem
2942 3716 3247 3804 faciant
3279 3780 3301 3823 ‚
3368 3716 3503 3803 vel
3554 3740 3960 3803 attentent
3993 3781 4018 3827 ,
4083 3718 4426 3833 ipseque

1059 3836 1587 3920 Oeconomus
1636 3836 2084 3924 Protectori
2139 3836 2336 3922 dicti
2391 3837 2740 3947 Collegii
2824 3868 2974 3952 pro
3035 3860 3403 3949 tempore
3473 3838 3842 3922 existenti
3896 3899 3920 3942 ,
3990 3836 4127 3924 vel
4176 3838 4423 3922 etiam

1061 3958 1207 4068 ipsi
1276 3955 1600 4040 Rectori
1655 3957 2021 4062 volenti,
2096 3979 2181 4041 et
2230 3960 2734 4074 requirenti,
2801 3981 2943 4075 aut
3017 3958 3122 4041 ab
3174 3986 3460 4043 eorum
3512 3956 3888 4074 quolibet
3949 3954 4359 4070 deputatis
4396 4020 4419 4062 ,

1059 4074 1188 4158 bis
1239 4076 1322 4158 in
1376 4107 1649 4182 anno,
1714 4077 1851 4163 vel
1902 4078 2589 4195 quotiescumque
2636 4081 2707 4162 ei
2751 4139 2776 4183 ,
2840 4076 2972 4162 vel
3024 4079 3138 4161 eis
3187 4078 3459 4160 visum
3508 4080 3717 4180 erit,
3783 4079 4181 4162 rationem
4239 4075 4420 4163 red-

1062 4191 1258 4278 dere
1324 4218 1722 4282 teneatur.
1790 4196 2014 4281 Cum
2087 4227 2185 4280 eo
2247 4220 2584 4300 tamen,
2726 4194 2894 4281 uod
2971 4200 3035 4280 si
3114 4196 3391 4311 aliquo
3466 4219 3835 4310 tempore
3912 4193 4428 4311 praedictum

1062 4310 1526 4424 Collegium
1578 4322 1678 4400 'ex
1755 4347 2283 4432 quacumque
2357 4346 2594 4400 causa
2663 4228 2994 4400 dissolvi
3079 4319 3551 4423 contingat,
3616 4314 3857 4401 aedes
3895 4379 3919 4422 ,
3983 4317 4417 4420 Ecclesia,

1062 4429 1408 4538 domu3,
1478 4464 1768 4519 census
1803 4497 1826 4539 ,
1896 4459 2328 4552 ceteraque
2379 4439 2657 4519 omnia
2710 4432 3123 4547 praedicta
3185 4432 3527 4549 perinde
3577 4435 3973 4548 praedicti
4038 4435 4418 4550 Hospita·

1065 4550 1162 4631 lis
1237 4554 1400 4634 sint
1435 4615 1458 4657 ,
1513 4584 1606 4636 ac
1658 4561 1720 4637 si
1772 4558 2077 4639 erectio
2126 4554 2475 4664 Collegii
2516 4616 2539 4658 ,
2605 4577 2689 4638 et
2735 4555 2888 4640 alia
2950 4556 3443 4669 praescripta
3481 4616 3512 4657 ,
3579 4586 4005 4671 nunquam
4057 4587 4426 4657 emanas·

1066 4690 1305 4771 sent,
1372 4695 1618 4783 prout
1681 4672 1848 4756 Nos
1926 4705 2022 4758 ex
2078 4704 2302 4759 nunc
2399 4677 2480 4756 in
2564 4670 2760 4758 enm
2809 4697 3198 4758 eventum
3267 4671 3693 4786 Hospitale
3757 4679 4084 4788 ipsum,
4148 4673 4423 4791 quoa-d

1069 4787 1221 4870 illa»
1260 4792 1531 4873 omnia
1589 4794 1670 4874 in
1740 4795 2147 4900 integrum
2208 4795 2733 4877 restituimus.
4334 4808 4342 4817 ’

768 4948 1042 5012 Ministri
1186 4904 1252 5005 S.
1305 4908 1387 4993 6.
1457 4908 1586 4992 Eo
1642 4912 1816 5022 ipso
1879 4909 2326 5001 districtius
2396 4911 2865 4997 inhibentes
2937 4908 3459 5023 Cappellanis
3527 4909 4020 5024 praedictis,
4101 4942 4460 5025 necnon·

680 5040 1040 5148 diecti-Hos·
1064 5020 1266 5111 dicti
1335 5029 1777 5140 Hospitalis
1814 5030 2533 5117 Gubernatoribns
2570 5094 2593 5134 ,
2627 5055 2707 5115 et
2760 5028 3582 5114 Administratoribus
3619 5035 4219 5149 cujuscumque
4272 5065 4431 5119 no-

686 5134 902 5287 pm'ssu}
957 5153 1034 5288 ”te
1064 5149 1356 5253 miniS,
1425 5171 1507 5233 et
1556 5146 1969 5258 dignitatis
2006 5215 2034 5254 ,
2100 5182 2204 5235 ne
2266 5149 2656 5261 deinceps
2709 5155 2787 5233 in
2845 5147 3224 5254 aedibus,
3269 5149 3634 5234 Ecclesia
3672 5212 3697 5256 ,
3755 5152 4204 5255 Domibns·,
4244 5158 4432 5265 ap'o-

679 5247 1029 5381 &minagium
1070 5262 1383 5369 thecis,
1453 5270 1899 5371 censibus,
1977 5268 2443 5371 fructibus,
2528 5271 2868 5385 aliisque
2959 5269 3261 5374 rebus,
3345 5268 3741 5381 juribus,
3824 5294 3904 5354 et
3967 5273 4431 5357 actionibus

679 5422 744 5470 ct
805 5369 941 5491 eji'ss
1065 5384 1543 5495 praedictis,
1611 5386 1920 5475 directe
1959 5451 1983 5492 ,
2048 5390 2181 5475 vel
2236 5382 2689 5491 indirecte,
2744 5391 3035 5504 quovis
3101 5380 3469 5506 quaesito
3521 5391 3792 5475 colore
3852 5420 4024 5475 sese
4076 5396 4431 5507 interpo-

675 5522 976 5585 Per⁸⁰¹²⁰⁸
1067 5537 1313 5612 nere,
1368 5530 1513 5595 aut
1564 5506 2092 5618 Collegium,
2163 5508 2648 5612 Rectorem,
2721 5507 3318 5611 Scholasticos3
3381 5508 3933 5594 et'Ministros
3970 5571 3993 5614 ,
4057 5540 4436 5623 praesen-

676 5624 865 5717 ⁸J¹P⁰r
889 5622 1038 5688 ΡΜ
1065 5651 1186 5716 tes
1222 5693 1250 5734 ,
1335 5650 1422 5715 et
1471 5625 1789 5713 futuros
1850 5627 2280 5714 molestare
2347 5625 2705 5715 audeant
2743 5692 2766 5735 ,
2821 5630 2947 5716 vel
3001 5628 3504 5741 perturbare.
3563 5634 3688 5714 Ac
3748 5626 4283 5715 decernentes
4334 5660 4434 5719 cx
