<?xml version="1.0" encoding="UTF-8"?>
<!DOCTYPE html PUBLIC "-//W3C//DTD XHTML 1.0 Transitional//EN"
    "http://www.w3.org/TR/xhtml1/DTD/xhtml1-transitional.dtd">
<html xmlns="http://www.w3.org/1999/xhtml" xml:lang="en" lang="en">
 <head>
  <title>
</title>
<meta http-equiv="Content-Type" content="text/html;charset=utf-8" />
  <meta name='ocr-system' content='tesseract 3.04.00' />
  <meta name='ocr-capabilities' content='ocr_page ocr_carea ocr_par ocr_line ocrx_word'/>
</head>
<body>
  <div class='ocr_page' id='page_1' title='image "./bullariumpontif00fidegoog_0033.png"; bbox 0 0 4834 6409; ppageno 0'>
   <div class='ocr_carea' id='block_1_1' title="bbox 395 511 4214 4219">
    <p class='ocr_par' dir='ltr' id='par_1_1' title="bbox 397 511 4214 1238">
     <span class='ocr_line' id='line_1_1' title="bbox 840 511 3785 601; baseline -0 0"><span class='ocrx_word' id='word_1_1' title='bbox 840 595 845 601; x_wconf 84' lang='grc'><strong>.</strong></span> <span class='ocrx_word' id='word_1_2' title='bbox 3674 511 3785 601; x_wconf 73' lang='lat'>25</span> 
     </span>
     <span class='ocr_line' id='line_1_2' title="bbox 400 627 3836 760; baseline -0.004 -27"><span class='ocrx_word' id='word_1_3' title='bbox 400 642 739 733; x_wconf 81' lang='lat' dir='ltr'>ctissimi</span> <span class='ocrx_word' id='word_1_4' title='bbox 791 640 1107 731; x_wconf 84' lang='lat' dir='ltr'>Rosarii</span> <span class='ocrx_word' id='word_1_5' title='bbox 1143 704 1181 746; x_wconf 82' lang='lat'>,</span> <span class='ocrx_word' id='word_1_6' title='bbox 1228 668 1421 729; x_wconf 88' lang='lat' dir='ltr'>cum</span> <span class='ocrx_word' id='word_1_7' title='bbox 1474 632 2091 744; x_wconf 82' lang='lat' dir='ltr'>declaratione,</span> <span class='ocrx_word' id='word_1_8' title='bbox 2154 630 2392 759; x_wconf 89' lang='lat' dir='ltr'>quod</span> <span class='ocrx_word' id='word_1_9' title='bbox 2461 658 2644 724; x_wconf 76' lang='lat' dir='ltr'>tam</span> <span class='ocrx_word' id='word_1_10' title='bbox 2727 635 2976 744; x_wconf 78' lang='lat' dir='ltr'>Viri&#39;,</span> <span class='ocrx_word' id='word_1_11' title='bbox 3057 636 3316 760; x_wconf 70' lang='lat' dir='ltr'>quam</span> <span class='ocrx_word' id='word_1_12' title='bbox 3384 630 3787 758; x_wconf 73' lang='lat' dir='ltr'>Mulieres</span> <span class='ocrx_word' id='word_1_13' title='bbox 3831 627 3836 640; x_wconf 86' lang='lat'>&#39;</span> 
     </span>
     <span class='ocr_line' id='line_1_3' title="bbox 403 756 3786 875; baseline -0.004 -23"><span class='ocrx_word' id='word_1_14' title='bbox 403 761 722 854; x_wconf 82' lang='lat' dir='ltr'>eisdem</span> <span class='ocrx_word' id='word_1_15' title='bbox 777 765 1286 863; x_wconf 84' lang='lat' dir='ltr'>Sanctissimi</span> <span class='ocrx_word' id='word_1_16' title='bbox 1338 761 1651 848; x_wconf 81' lang='lat' dir='ltr'>Rosarii</span> <span class='ocrx_word' id='word_1_17' title='bbox 1731 758 2284 875; x_wconf 86' lang='lat' dir='ltr'>Indulgentiis</span> <span class='ocrx_word' id='word_1_18' title='bbox 2348 761 2452 844; x_wconf 87' lang='lat' dir='ltr'>in.</span> <span class='ocrx_word' id='word_1_19' title='bbox 2504 788 2796 846; x_wconf 90' lang='lat' dir='ltr'>eorum</span> <span class='ocrx_word' id='word_1_20' title='bbox 2871 760 3328 873; x_wconf 83' lang='lat' dir='ltr'>respective</span> <span class='ocrx_word' id='word_1_21' title='bbox 3376 756 3786 874; x_wconf 84' lang='lat' dir='ltr'>Ecclesiis</span> 
     </span>
     <span class='ocr_line' id='line_1_4' title="bbox 397 879 3781 1002; baseline -0.002 -33"><span class='ocrx_word' id='word_1_22' title='bbox 397 882 567 971; x_wconf 82' lang='lat' dir='ltr'>frui</span> <span class='ocrx_word' id='word_1_23' title='bbox 624 889 997 1002; x_wconf 81' lang='lat' dir='ltr'>possint,</span> <span class='ocrx_word' id='word_1_24' title='bbox 1061 905 1147 970; x_wconf 87' lang='lat' dir='ltr'>et</span> <span class='ocrx_word' id='word_1_25' title='bbox 1191 882 1573 989; x_wconf 77' lang='lat' dir='ltr'>valeant,</span> <span class='ocrx_word' id='word_1_26' title='bbox 1637 884 2123 969; x_wconf 81' lang='lat' dir='ltr'>auctoritate</span> <span class='ocrx_word' id='word_1_27' title='bbox 2198 880 2675 994; x_wconf 83' lang='lat' dir='ltr'>Apostolica</span> <span class='ocrx_word' id='word_1_28' title='bbox 2713 941 2737 987; x_wconf 88' lang='lat'>,</span> <span class='ocrx_word' id='word_1_29' title='bbox 2804 900 3089 966; x_wconf 84' lang='lat' dir='ltr'>tenore</span> <span class='ocrx_word' id='word_1_30' title='bbox 3140 879 3703 994; x_wconf 75' lang='lat' dir='ltr'>praesentium</span> <span class='ocrx_word' id='word_1_31' title='bbox 3755 937 3781 982; x_wconf 99' lang='lat'>,</span> 
     </span>
     <span class='ocr_line' id='line_1_5' title="bbox 400 1000 3789 1116; baseline -0.003 -25"><span class='ocrx_word' id='word_1_32' title='bbox 400 1004 1029 1109; x_wconf 76' lang='lat' dir='ltr'>concedimus,=</span> <span class='ocrx_word' id='word_1_33' title='bbox 1060 1027 1145 1090; x_wconf 79' lang='lat' dir='ltr'>et</span> <span class='ocrx_word' id='word_1_34' title='bbox 1200 1000 1778 1115; x_wconf 71' lang='lat' dir='ltr'>indulgemus3</span> <span class='ocrx_word' id='word_1_35' title='bbox 1845 1002 2065 1088; x_wconf 84' lang='lat' dir='ltr'>salva</span> <span class='ocrx_word' id='word_1_36' title='bbox 2130 1025 2411 1088; x_wconf 87' lang='lat' dir='ltr'>tamen</span> <span class='ocrx_word' id='word_1_37' title='bbox 2459 1032 2781 1116; x_wconf 78' lang='lat' dir='ltr'>semper</span> <span class='ocrx_word' id='word_1_38' title='bbox 2829 1002 2916 1087; x_wconf 91' lang='lat' dir='ltr'>in</span> <span class='ocrx_word' id='word_1_39' title='bbox 2978 1001 3440 1115; x_wconf 79' lang='lat' dir='ltr'>praemissis</span> <span class='ocrx_word' id='word_1_40' title='bbox 3497 1019 3789 1108; x_wconf 79' lang='lat' dir='ltr'>aucto·</span> 
     </span>
     <span class='ocr_line' id='line_1_6' title="bbox 400 1119 4214 1238; baseline -0.002 -26"><span class='ocrx_word' id='word_1_41' title='bbox 400 1125 1399 1238; x_wconf 62' lang='lat' dir='ltr'>ritate-Congregationis,</span> <span class='ocrx_word' id='word_1_42' title='bbox 1434 1120 1917 1210; x_wconf 88' lang='lat' dir='ltr'>eorumdem</span> <span class='ocrx_word' id='word_1_43' title='bbox 1985 1119 2600 1236; x_wconf 54' lang='lat' dir='ltr'>Cardinalium,</span> <span class='ocrx_word' id='word_1_44' title='bbox 3057 1119 3114 1136; x_wconf 78' lang='grc'><strong><em>”</em></strong></span> <span class='ocrx_word' id='word_1_45' title='bbox 3557 1223 3596 1232; x_wconf 15' lang='grc' dir='ltr'>ἢ,</span> <span class='ocrx_word' id='word_1_46' title='bbox 4201 1213 4214 1222; x_wconf 21' lang='grc' dir='ltr'><em>β</em></span> 
     </span>
    </p>

    <p class='ocr_par' dir='ltr' id='par_1_2' title="bbox 395 1238 4204 2204">
     <span class='ocr_line' id='line_1_7' title="bbox 525 1238 4184 1359; baseline -0 -25"><span class='ocrx_word' id='word_1_47' title='bbox 525 1249 594 1348; x_wconf 71' lang='lat'>§-</span> <span class='ocrx_word' id='word_1_48' title='bbox 664 1247 1378 1334; x_wconf 80' lang='lat' dir='ltr'>2.·Decernentes</span> <span class='ocrx_word' id='word_1_49' title='bbox 1426 1242 1751 1332; x_wconf 79' lang='lat' dir='ltr'>easdem</span> <span class='ocrx_word' id='word_1_50' title='bbox 1799 1241 2288 1359; x_wconf 59' lang='lat' dir='ltr'>&#39;praesentes</span> <span class='ocrx_word' id='word_1_51' title='bbox 2363 1243 2641 1330; x_wconf 77' lang='lat' dir='ltr'>literas</span> <span class='ocrx_word' id='word_1_52' title='bbox 2691 1240 3021 1340; x_wconf 75' lang='lat' dir='ltr'>firmas,</span> <span class='ocrx_word' id='word_1_53' title='bbox 3086 1238 3400 1343; x_wconf 83' lang='lat' dir='ltr'>validas</span> <span class='ocrx_word' id='word_1_54' title='bbox 3431 1306 3461 1347; x_wconf 87' lang='lat'>,</span> <span class='ocrx_word' id='word_1_55' title='bbox 3529 1265 3617 1330; x_wconf 87' lang='lat' dir='ltr'>et</span> <span class='ocrx_word' id='word_1_56' title='bbox 3665 1242 3784 1336; x_wconf 87' lang='lat' dir='ltr'>ef·</span> <span class='ocrx_word' id='word_1_57' title='bbox 3815 1244 4184 1318; x_wconf 73' lang='lat' dir='ltr'>clausulae.</span> 
     </span>
     <span class='ocr_line' id='line_1_8' title="bbox 416 1357 3822 1482; baseline 0.001 -32"><span class='ocrx_word' id='word_1_58' title='bbox 416 1363 714 1454; x_wconf 88' lang='lat' dir='ltr'>ficaces</span> <span class='ocrx_word' id='word_1_59' title='bbox 764 1369 1162 1471; x_wconf 77' lang='lat' dir='ltr'>existere,</span> <span class='ocrx_word' id='word_1_60' title='bbox 1218 1362 1613 1471; x_wconf 73' lang='lat' dir='ltr'>et,1ore.,</span> <span class='ocrx_word' id='word_1_61' title='bbox 1676 1394 2035 1482; x_wconf 74' lang='lat' dir='ltr'>suosque</span> <span class='ocrx_word' id='word_1_62' title='bbox 2095 1363 2561 1478; x_wconf 64' lang='lat' dir='ltr'>plenarios,</span> <span class='ocrx_word' id='word_1_63' title='bbox 2646 1384 2731 1450; x_wconf 89' lang='lat' dir='ltr'>et</span> <span class='ocrx_word' id='word_1_64' title='bbox 2795 1365 3151 1475; x_wconf 88' lang='lat' dir='ltr'>integros</span> <span class='ocrx_word' id='word_1_65' title='bbox 3214 1357 3564 1476; x_wconf 79' lang='lat' dir='ltr'>effectus</span> <span class='ocrx_word' id='word_1_66' title='bbox 3622 1361 3822 1462; x_wconf 64' lang='lat' dir='ltr'>sor-J</span> 
     </span>
     <span class='ocr_line' id='line_1_9' title="bbox 418 1481 3782 1601; baseline 0.001 -30"><span class='ocrx_word' id='word_1_67' title='bbox 418 1488 553 1571; x_wconf 73' lang='lat' dir='ltr'>tiri</span> <span class='ocrx_word' id='word_1_68' title='bbox 592 1550 637 1595; x_wconf 93' lang='lat'>,.</span> <span class='ocrx_word' id='word_1_69' title='bbox 685 1510 770 1575; x_wconf 90' lang='lat' dir='ltr'>et</span> <span class='ocrx_word' id='word_1_70' title='bbox 818 1488 1195 1573; x_wconf 88' lang='lat' dir='ltr'>obtinere</span> <span class='ocrx_word' id='word_1_71' title='bbox 1245 1547 1271 1593; x_wconf 90' lang='lat'>,</span> <span class='ocrx_word' id='word_1_72' title='bbox 1323 1515 1435 1571; x_wconf 86' lang='lat' dir='ltr'>ac.</span> <span class='ocrx_word' id='word_1_73' title='bbox 1466 1484 1627 1576; x_wconf 84' lang='lat' dir='ltr'>illis</span> <span class='ocrx_word' id='word_1_74' title='bbox 1677 1481 1781 1571; x_wconf 88' lang='lat' dir='ltr'>ad</span> <span class='ocrx_word' id='word_1_75' title='bbox 1834 1493 2049 1601; x_wconf 85' lang='lat' dir='ltr'>quos&#39;</span> <span class='ocrx_word' id='word_1_76' title='bbox 2104 1504 2417 1597; x_wconf 88' lang='lat' dir='ltr'>spectat</span> <span class='ocrx_word' id='word_1_77' title='bbox 2448 1547 2479 1588; x_wconf 90' lang='lat'>,</span> <span class='ocrx_word' id='word_1_78' title='bbox 2546 1503 2632 1571; x_wconf 89' lang='lat' dir='ltr'>et</span> <span class='ocrx_word' id='word_1_79' title='bbox 2678 1514 2830 1599; x_wconf 91' lang='lat' dir='ltr'>pro</span> <span class='ocrx_word' id='word_1_80' title='bbox 2881 1484 3247 1597; x_wconf 83' lang='lat' dir='ltr'>tempore</span> <span class='ocrx_word' id='word_1_81' title='bbox 3295 1482 3711 1598; x_wconf 68' lang='lat' dir='ltr'>‘spectabit</span> <span class='ocrx_word' id='word_1_82' title='bbox 3755 1545 3782 1587; x_wconf 87' lang='lat'>,</span> 
     </span>
     <span class='ocr_line' id='line_1_10' title="bbox 398 1601 3806 1721; baseline 0 -32"><span class='ocrx_word' id='word_1_83' title='bbox 398 1609 485 1690; x_wconf 91' lang='lat' dir='ltr'>in</span> <span class='ocrx_word' id='word_1_84' title='bbox 550 1608 994 1712; x_wconf 89' lang='lat' dir='ltr'>omnibus,</span> <span class='ocrx_word' id='word_1_85' title='bbox 1074 1631 1158 1693; x_wconf 90' lang='lat' dir='ltr'>et</span> <span class='ocrx_word' id='word_1_86' title='bbox 1206 1637 1361 1721; x_wconf 80' lang='lat' dir='ltr'>per</span> <span class='ocrx_word' id='word_1_87' title='bbox 1395 1607 1671 1692; x_wconf 88' lang='lat' dir='ltr'>omnia</span> <span class='ocrx_word' id='word_1_88' title='bbox 1725 1606 2197 1719; x_wconf 84' lang='lat' dir='ltr'>plenissime</span> <span class='ocrx_word' id='word_1_89' title='bbox 2269 1601 2751 1716; x_wconf 83' lang='lat' dir='ltr'>suffragari:</span> <span class='ocrx_word' id='word_1_90' title='bbox 2833 1605 3126 1720; x_wconf 83' lang='lat' dir='ltr'>sicque.</span> <span class='ocrx_word' id='word_1_91' title='bbox 3170 1601 3806 1719; x_wconf 12' lang='lat' dir='ltr'>inflpraernissis‘</span> 
     </span>
     <span class='ocr_line' id='line_1_11' title="bbox 395 1721 4201 1848; baseline -0 -36"><span class='ocrx_word' id='word_1_92' title='bbox 395 1757 545 1840; x_wconf 82' lang='lat' dir='ltr'>per</span> <span class='ocrx_word' id='word_1_93' title='bbox 607 1759 1179 1845; x_wconf 88' lang='lat' dir='ltr'>quoscumque</span> <span class='ocrx_word' id='word_1_94' title='bbox 1239 1723 1579 1811; x_wconf 90' lang='lat' dir='ltr'>Judices</span> <span class='ocrx_word' id='word_1_95' title='bbox 1650 1723 2200 1830; x_wconf 85' lang='lat' dir='ltr'>Ordinarios,</span> <span class='ocrx_word' id='word_1_96' title='bbox 2274 1747 2360 1810; x_wconf 88' lang='lat' dir='ltr'>et</span> <span class='ocrx_word' id='word_1_97' title='bbox 2442 1723 2944 1835; x_wconf 86' lang='lat' dir='ltr'>Delegatos,</span> <span class='ocrx_word' id='word_1_98' title='bbox 3015 1727 3265 1810; x_wconf 89' lang='lat' dir='ltr'>etiam</span> <span class='ocrx_word' id='word_1_99' title='bbox 3316 1721 3813 1816; x_wconf 73' lang='lat' dir='ltr'>Causarum&#39;</span> <span class='ocrx_word' id='word_1_100' title='bbox 3873 1769 3878 1774; x_wconf 92' lang='lat'><strong>·</strong></span> <span class='ocrx_word' id='word_1_101' title='bbox 3997 1749 4008 1758; x_wconf 85' lang='grc'><em>·</em></span> <span class='ocrx_word' id='word_1_102' title='bbox 4193 1833 4201 1848; x_wconf 35' lang='grc' dir='ltr'>Ι</span> 
     </span>
     <span class='ocr_line' id='line_1_12' title="bbox 395 1839 4204 1962; baseline -0 -32"><span class='ocrx_word' id='word_1_103' title='bbox 395 1846 688 1934; x_wconf 85' lang='lat' dir='ltr'>Palatii</span> <span class='ocrx_word' id='word_1_104' title='bbox 745 1849 1201 1962; x_wconf 87' lang='lat' dir='ltr'>Apostolici</span> <span class='ocrx_word' id='word_1_105' title='bbox 1270 1841 1720 1932; x_wconf 87' lang='lat' dir='ltr'>Auditores</span> <span class='ocrx_word' id='word_1_106' title='bbox 1771 1842 2177 1960; x_wconf 87' lang='lat' dir='ltr'>judicari,</span> <span class='ocrx_word' id='word_1_107' title='bbox 2257 1866 2342 1930; x_wconf 87' lang='lat' dir='ltr'>et</span> <span class='ocrx_word' id='word_1_108' title='bbox 2392 1840 2726 1931; x_wconf 83' lang='lat' dir='ltr'>definiri</span> <span class='ocrx_word' id='word_1_109' title='bbox 2786 1839 3156 1957; x_wconf 79' lang='lat' dir='ltr'>dehere3</span> <span class='ocrx_word' id='word_1_110' title='bbox 3223 1845 3328 1930; x_wconf 71' lang='lat' dir='ltr'>ac&#39;</span> <span class='ocrx_word' id='word_1_111' title='bbox 3393 1846 3720 1931; x_wconf 85' lang='lat' dir='ltr'>irritum</span> <span class='ocrx_word' id='word_1_112' title='bbox 3750 1855 3808 1949; x_wconf 64' lang='lat'>,‘</span> <span class='ocrx_word' id='word_1_113' title='bbox 3909 1907 3918 1916; x_wconf 85' lang='lat'>-</span> <span class='ocrx_word' id='word_1_114' title='bbox 4025 1863 4038 1873; x_wconf 88' lang='lat'><em>&#39;</em></span> <span class='ocrx_word' id='word_1_115' title='bbox 4106 1860 4115 1870; x_wconf 87' lang='lat'>&#39;</span> <span class='ocrx_word' id='word_1_116' title='bbox 4196 1862 4204 1871; x_wconf 86' lang='lat'>&#39;</span> 
     </span>
     <span class='ocr_line' id='line_1_13' title="bbox 397 1964 3774 2084; baseline 0 -30"><span class='ocrx_word' id='word_1_117' title='bbox 397 1991 483 2054; x_wconf 84' lang='lat' dir='ltr'>et</span> <span class='ocrx_word' id='word_1_118' title='bbox 532 1970 834 2073; x_wconf 89' lang='lat' dir='ltr'>inane,</span> <span class='ocrx_word' id='word_1_119' title='bbox 897 1972 962 2054; x_wconf 87' lang='lat' dir='ltr'>si</span> <span class='ocrx_word' id='word_1_120' title='bbox 1050 1999 1286 2055; x_wconf 88' lang='lat' dir='ltr'>secus</span> <span class='ocrx_word' id='word_1_121' title='bbox 1348 1997 1597 2079; x_wconf 87' lang='lat' dir='ltr'>super</span> <span class='ocrx_word' id='word_1_122' title='bbox 1662 1964 1789 2051; x_wconf 83' lang='lat' dir='ltr'>his</span> <span class='ocrx_word' id='word_1_123' title='bbox 1874 1998 1916 2051; x_wconf 93' lang='lat' dir='ltr'>a</span> <span class='ocrx_word' id='word_1_124' title='bbox 1983 1995 2405 2084; x_wconf 87' lang='lat' dir='ltr'>quoquam</span> <span class='ocrx_word' id='word_1_125' title='bbox 2473 1966 2762 2084; x_wconf 84' lang='lat' dir='ltr'>quavis</span> <span class='ocrx_word' id='word_1_126' title='bbox 2820 1966 3312 2053; x_wconf 78' lang='lat' dir='ltr'>auctoritate</span> <span class='ocrx_word' id='word_1_127' title='bbox 3345 1968 3774 2078; x_wconf 69' lang='lat' dir='ltr'>scienter,</span> 
     </span>
     <span class='ocr_line' id='line_1_14' title="bbox 404 2080 3622 2202; baseline -0.002 -26"><span class='ocrx_word' id='word_1_128' title='bbox 404 2088 542 2176; x_wconf 82' lang='lat' dir='ltr'>vel</span> <span class='ocrx_word' id='word_1_129' title='bbox 593 2091 1067 2202; x_wconf 81' lang='lat' dir='ltr'>ignoranter</span> <span class='ocrx_word' id='word_1_130' title='bbox 1147 2087 1643 2197; x_wconf 85' lang='lat' dir='ltr'>contingerit</span> <span class='ocrx_word' id='word_1_131' title='bbox 1690 2089 2096 2173; x_wconf 86' lang='lat' dir='ltr'>attentari.</span> <span class='ocrx_word' id='word_1_132' title='bbox 2607 2189 2612 2194; x_wconf 20' lang='lat'><strong>⁴</strong></span> <span class='ocrx_word' id='word_1_133' title='bbox 3013 2089 3026 2110; x_wconf 86' lang='grc'><strong><em>”</em></strong></span> <span class='ocrx_word' id='word_1_134' title='bbox 3089 2080 3100 2094; x_wconf 91' lang='grc'>’</span> <span class='ocrx_word' id='word_1_135' title='bbox 3451 2095 3456 2102; x_wconf 86' lang='grc'><em>’</em></span> <span class='ocrx_word' id='word_1_136' title='bbox 3619 2093 3622 2100; x_wconf 82' lang='grc'><strong>“</strong></span> 
     </span>
    </p>

    <p class='ocr_par' dir='ltr' id='par_1_3' title="bbox 398 2202 3800 3403">
     <span class='ocr_line' id='line_1_15' title="bbox 527 2202 3800 2322; baseline 0 -27"><span class='ocrx_word' id='word_1_137' title='bbox 527 2216 599 2313; x_wconf 81' lang='lat' dir='ltr'>S.</span> <span class='ocrx_word' id='word_1_138' title='bbox 670 2211 752 2296; x_wconf 84' lang='lat'>3.</span> <span class='ocrx_word' id='word_1_139' title='bbox 816 2209 1009 2293; x_wconf 92' lang='lat' dir='ltr'>Non</span> <span class='ocrx_word' id='word_1_140' title='bbox 1097 2206 1617 2293; x_wconf 72' lang='lat' dir='ltr'>obstantibus</span> <span class='ocrx_word' id='word_1_141' title='bbox 1676 2207 2139 2322; x_wconf 84' lang='lat' dir='ltr'>praemissis</span> <span class='ocrx_word' id='word_1_142' title='bbox 2176 2267 2202 2312; x_wconf 99' lang='lat'>,</span> <span class='ocrx_word' id='word_1_143' title='bbox 2252 2235 2348 2292; x_wconf 91' lang='lat' dir='ltr'>ac</span> <span class='ocrx_word' id='word_1_144' title='bbox 2397 2203 3165 2313; x_wconf 82' lang='lat' dir='ltr'>Constitutionibus</span> <span class='ocrx_word' id='word_1_145' title='bbox 3199 2202 3239 2314; x_wconf 81' lang='lat'>,&#39;</span> <span class='ocrx_word' id='word_1_146' title='bbox 3287 2229 3371 2317; x_wconf 79' lang='lat' dir='ltr'>et</span> <span class='ocrx_word' id='word_1_147' title='bbox 3420 2204 3800 2312; x_wconf 45' lang='lat' dir='ltr'>Ordinaf</span> 
     </span>
     <span class='ocr_line' id='line_1_16' title="bbox 398 2318 3788 2443; baseline 0 -28"><span class='ocrx_word' id='word_1_148' title='bbox 398 2330 773 2415; x_wconf 88' lang='lat' dir='ltr'>tionibus</span> <span class='ocrx_word' id='word_1_149' title='bbox 823 2330 1367 2443; x_wconf 87' lang='lat' dir='ltr'>Apostolicis,</span> <span class='ocrx_word' id='word_1_150' title='bbox 1420 2356 1578 2414; x_wconf 89' lang='lat' dir='ltr'>nec</span> <span class='ocrx_word' id='word_1_151' title='bbox 1618 2357 1782 2412; x_wconf 87' lang='lat' dir='ltr'>non</span> <span class='ocrx_word' id='word_1_152' title='bbox 1839 2324 2038 2414; x_wconf 88' lang='lat' dir='ltr'>dicti</span> <span class='ocrx_word' id='word_1_153' title='bbox 2093 2323 2439 2412; x_wconf 87' lang='lat' dir='ltr'>Ordinis</span> <span class='ocrx_word' id='word_1_154' title='bbox 2487 2328 2736 2413; x_wconf 88' lang='lat' dir='ltr'>etiam</span> <span class='ocrx_word' id='word_1_155' title='bbox 2784 2328 3310 2442; x_wconf 67' lang='lat' dir='ltr'>juramento,</span> <span class='ocrx_word' id='word_1_156' title='bbox 3350 2318 3788 2416; x_wconf 83' lang='lat' dir='ltr'>confirma-</span> 
     </span>
     <span class='ocr_line' id='line_1_17' title="bbox 403 2443 3791 2565; baseline 0.001 -33"><span class='ocrx_word' id='word_1_157' title='bbox 403 2450 634 2536; x_wconf 89' lang='lat' dir='ltr'>tione</span> <span class='ocrx_word' id='word_1_158' title='bbox 684 2448 1151 2562; x_wconf 84' lang='lat' dir='ltr'>Apostolica</span> <span class='ocrx_word' id='word_1_159' title='bbox 1186 2512 1214 2550; x_wconf 89' lang='lat'>,</span> <span class='ocrx_word' id='word_1_160' title='bbox 1274 2447 1768 2565; x_wconf 79' lang='lat' dir='ltr'>vel-quavis</span> <span class='ocrx_word' id='word_1_161' title='bbox 1818 2445 2207 2533; x_wconf 88' lang='lat' dir='ltr'>firmitate</span> <span class='ocrx_word' id='word_1_162' title='bbox 2259 2446 2416 2554; x_wconf 79' lang='lat' dir='ltr'>alia</span> <span class='ocrx_word' id='word_1_163' title='bbox 2502 2446 2907 2544; x_wconf 90' lang='lat' dir='ltr'>roboratis</span> <span class='ocrx_word' id='word_1_164' title='bbox 2976 2443 3359 2553; x_wconf 72' lang='lat' dir='ltr'>statutis,</span> <span class='ocrx_word' id='word_1_165' title='bbox 3424 2472 3510 2536; x_wconf 88' lang='lat' dir='ltr'>et</span> <span class='ocrx_word' id='word_1_166' title='bbox 3559 2448 3791 2536; x_wconf 46' lang='lat' dir='ltr'>Con*</span> 
     </span>
     <span class='ocr_line' id='line_1_18' title="bbox 400 2564 3787 2686; baseline 0 -32"><span class='ocrx_word' id='word_1_167' title='bbox 400 2564 1026 2678; x_wconf 85' lang='lat' dir='ltr'>suetudinibus3</span> <span class='ocrx_word' id='word_1_168' title='bbox 1066 2568 1518 2680; x_wconf 86' lang='lat' dir='ltr'>privilegiis</span> <span class='ocrx_word' id='word_1_169' title='bbox 1566 2573 1906 2686; x_wconf 77' lang='lat' dir='ltr'>quoqu‘e</span> <span class='ocrx_word' id='word_1_170' title='bbox 1941 2629 1967 2672; x_wconf 90' lang='lat'>,</span> <span class='ocrx_word' id='word_1_171' title='bbox 2023 2565 2425 2674; x_wconf 86' lang='lat' dir='ltr'>indultis,</span> <span class='ocrx_word' id='word_1_172' title='bbox 2478 2590 2560 2652; x_wconf 89' lang='lat' dir='ltr'>et</span> <span class='ocrx_word' id='word_1_173' title='bbox 2611 2568 2866 2654; x_wconf 86' lang='lat' dir='ltr'>literis</span> <span class='ocrx_word' id='word_1_174' title='bbox 2916 2565 3413 2683; x_wconf 85' lang='lat' dir='ltr'>Apostolicis</span> <span class='ocrx_word' id='word_1_175' title='bbox 3462 2571 3548 2655; x_wconf 89' lang='lat' dir='ltr'>in</span> <span class='ocrx_word' id='word_1_176' title='bbox 3587 2567 3787 2666; x_wconf 82' lang='lat' dir='ltr'>con-</span> 
     </span>
     <span class='ocr_line' id='line_1_19' title="bbox 404 2683 3789 2804; baseline 0 -31"><span class='ocrx_word' id='word_1_177' title='bbox 404 2691 748 2774; x_wconf 88' lang='lat' dir='ltr'>trarium</span> <span class='ocrx_word' id='word_1_178' title='bbox 799 2690 1436 2802; x_wconf 85' lang='lat' dir='ltr'>praemissorum</span> <span class='ocrx_word' id='word_1_179' title='bbox 1496 2683 2127 2804; x_wconf 83' lang='lat' dir='ltr'>quomodolibet</span> <span class='ocrx_word' id='word_1_180' title='bbox 2198 2688 2606 2772; x_wconf 86' lang='lat' dir='ltr'>concessis</span> <span class='ocrx_word' id='word_1_181' title='bbox 2642 2749 2667 2792; x_wconf 89' lang='lat'>‚</span> <span class='ocrx_word' id='word_1_182' title='bbox 2735 2684 3241 2775; x_wconf 80' lang='lat' dir='ltr'>confirmatis</span> <span class='ocrx_word' id='word_1_183' title='bbox 3290 2693 3315 2793; x_wconf 75' lang='lat'>,&#39;</span> <span class='ocrx_word' id='word_1_184' title='bbox 3381 2710 3466 2774; x_wconf 90' lang='lat' dir='ltr'>et</span> <span class='ocrx_word' id='word_1_185' title='bbox 3549 2691 3789 2775; x_wconf 89' lang='lat' dir='ltr'>inno-</span> 
     </span>
     <span class='ocr_line' id='line_1_20' title="bbox 406 2805 3790 2923; baseline -0.001 -27"><span class='ocrx_word' id='word_1_186' title='bbox 406 2813 639 2897; x_wconf 76' lang='lat' dir='ltr'>vatis.</span> <span class='ocrx_word' id='word_1_187' title='bbox 713 2808 1049 2916; x_wconf 86' lang='lat' dir='ltr'>Quibus</span> <span class='ocrx_word' id='word_1_188' title='bbox 1115 2808 1506 2898; x_wconf 82' lang='lat' dir='ltr'>omnibus</span> <span class='ocrx_word' id='word_1_189' title='bbox 1538 2869 1564 2914; x_wconf 99' lang='lat'>,</span> <span class='ocrx_word' id='word_1_190' title='bbox 1648 2829 1734 2895; x_wconf 89' lang='lat' dir='ltr'>et</span> <span class='ocrx_word' id='word_1_191' title='bbox 1780 2805 2125 2918; x_wconf 87' lang='lat' dir='ltr'>singulis</span> <span class='ocrx_word' id='word_1_192' title='bbox 2176 2805 2511 2890; x_wconf 85' lang='lat' dir='ltr'>illorum</span> <span class='ocrx_word' id='word_1_193' title='bbox 2562 2828 2888 2892; x_wconf 85' lang='lat' dir='ltr'>tenores</span> <span class='ocrx_word' id='word_1_194' title='bbox 2923 2868 2956 2913; x_wconf 86' lang='grc'>,,</span> <span class='ocrx_word' id='word_1_195' title='bbox 3013 2805 3586 2922; x_wconf 78' lang='lat' dir='ltr'>praesentibus</span> <span class='ocrx_word' id='word_1_196' title='bbox 3633 2836 3790 2923; x_wconf 88' lang='lat' dir='ltr'>pro</span> 
     </span>
     <span class='ocr_line' id='line_1_21' title="bbox 403 2922 3790 3044; baseline 0.001 -31"><span class='ocrx_word' id='word_1_197' title='bbox 403 2928 698 3043; x_wconf 79' lang='lat' dir='ltr'>plene,</span> <span class='ocrx_word' id='word_1_198' title='bbox 747 2953 832 3015; x_wconf 89' lang='lat' dir='ltr'>et</span> <span class='ocrx_word' id='word_1_199' title='bbox 878 2925 1391 3016; x_wconf 82' lang='lat' dir='ltr'>sufficienter</span> <span class='ocrx_word' id='word_1_200' title='bbox 1437 2928 1831 3043; x_wconf 85' lang='lat' dir='ltr'>expressis</span> <span class='ocrx_word' id='word_1_201' title='bbox 1862 2989 1891 3033; x_wconf 91' lang='lat'>,</span> <span class='ocrx_word' id='word_1_202' title='bbox 1931 2958 2028 3014; x_wconf 88' lang='lat' dir='ltr'>ac</span> <span class='ocrx_word' id='word_1_203' title='bbox 2076 2922 2182 3012; x_wconf 93' lang='lat' dir='ltr'>de</span> <span class='ocrx_word' id='word_1_204' title='bbox 2232 2924 2499 3026; x_wconf 75' lang='lat' dir='ltr'>verbo</span> <span class='ocrx_word' id='word_1_205' title='bbox 2542 2922 2647 3010; x_wconf 88' lang='lat' dir='ltr'>ad</span> <span class='ocrx_word' id='word_1_206' title='bbox 2695 2925 3049 3014; x_wconf 87' lang='lat' dir='ltr'>verbum</span> <span class='ocrx_word' id='word_1_207' title='bbox 3098 2928 3423 3015; x_wconf 82' lang='lat' dir='ltr'>insertis</span> <span class='ocrx_word' id='word_1_208' title='bbox 3473 2925 3790 3044; x_wconf 83' lang='lat' dir='ltr'>haben·</span> 
     </span>
     <span class='ocr_line' id='line_1_22' title="bbox 407 3043 3786 3163; baseline -0 -28"><span class='ocrx_word' id='word_1_209' title='bbox 407 3073 531 3135; x_wconf 88' lang='lat' dir='ltr'>tes</span> <span class='ocrx_word' id='word_1_210' title='bbox 569 3113 605 3153; x_wconf 81' lang='lat'><em>‚</em></span> <span class='ocrx_word' id='word_1_211' title='bbox 668 3048 829 3133; x_wconf 88' lang='lat' dir='ltr'>illis</span> <span class='ocrx_word' id='word_1_212' title='bbox 878 3049 1074 3132; x_wconf 88' lang='lat' dir='ltr'>alias</span> <span class='ocrx_word' id='word_1_213' title='bbox 1125 3051 1211 3132; x_wconf 87' lang='lat' dir='ltr'>in</span> <span class='ocrx_word' id='word_1_214' title='bbox 1262 3078 1414 3134; x_wconf 86' lang='lat' dir='ltr'>suo</span> <span class='ocrx_word' id='word_1_215' title='bbox 1474 3048 1772 3134; x_wconf 89' lang='lat' dir='ltr'>robore</span> <span class='ocrx_word' id='word_1_216' title='bbox 1820 3048 2376 3163; x_wconf 85' lang='lat' dir='ltr'>permansuris</span> <span class='ocrx_word' id='word_1_217' title='bbox 2409 3108 2436 3153; x_wconf 98' lang='lat'>,</span> <span class='ocrx_word' id='word_1_218' title='bbox 2506 3043 2611 3130; x_wconf 90' lang='lat' dir='ltr'>ad</span> <span class='ocrx_word' id='word_1_219' title='bbox 2662 3049 3298 3163; x_wconf 80' lang='lat' dir='ltr'>praemissorum</span> <span class='ocrx_word' id='word_1_220' title='bbox 3347 3045 3786 3156; x_wconf 80' lang='lat' dir='ltr'>effectum,</span> 
     </span>
     <span class='ocr_line' id='line_1_23' title="bbox 406 3163 3789 3290; baseline 0.001 -40"><span class='ocrx_word' id='word_1_221' title='bbox 406 3166 565 3253; x_wconf 85' lang='lat' dir='ltr'>hac</span> <span class='ocrx_word' id='word_1_222' title='bbox 614 3168 799 3253; x_wconf 83' lang='lat' dir='ltr'>vice</span> <span class='ocrx_word' id='word_1_223' title='bbox 848 3164 1274 3252; x_wconf 76' lang='lat' dir='ltr'>dumtaxat</span> <span class='ocrx_word' id='word_1_224' title='bbox 1320 3168 1833 3282; x_wconf 83' lang='lat' dir='ltr'>specialiter,</span> <span class='ocrx_word' id='word_1_225' title='bbox 1865 3191 1951 3257; x_wconf 89' lang='lat' dir='ltr'>et</span> <span class='ocrx_word' id='word_1_226' title='bbox 1999 3177 2371 3285; x_wconf 78' lang='lat' dir='ltr'>expresse</span> <span class='ocrx_word' id='word_1_227' title='bbox 2422 3163 2965 3279; x_wconf 82' lang='lat' dir='ltr'>derogamus,</span> <span class='ocrx_word' id='word_1_228' title='bbox 3022 3170 3534 3290; x_wconf 82' lang='lat' dir='ltr'>caeterisque</span> <span class='ocrx_word' id='word_1_229' title='bbox 3567 3198 3789 3257; x_wconf 82' lang='lat' dir='ltr'>con-</span> 
     </span>
     <span class='ocr_line' id='line_1_24' title="bbox 408 3285 1426 3403; baseline -0.002 -31"><span class='ocrx_word' id='word_1_230' title='bbox 408 3287 675 3373; x_wconf 82' lang='lat' dir='ltr'>trariis</span> <span class='ocrx_word' id='word_1_231' title='bbox 726 3285 1426 3403; x_wconf 82' lang='lat' dir='ltr'>quibuscumque.</span> 
     </span>
    </p>

    <p class='ocr_par' dir='ltr' id='par_1_4' title="bbox 404 3401 3898 4001">
     <span class='ocr_line' id='line_1_25' title="bbox 518 3401 3794 3525; baseline 0.002 -36"><span class='ocrx_word' id='word_1_232' title='bbox 518 3401 594 3507; x_wconf 68' lang='lat' dir='ltr'>S.</span> <span class='ocrx_word' id='word_1_233' title='bbox 664 3410 746 3517; x_wconf 79' lang='grc'>4.</span> <span class='ocrx_word' id='word_1_234' title='bbox 812 3405 1228 3492; x_wconf 87' lang='lat' dir='ltr'>Volumus</span> <span class='ocrx_word' id='word_1_235' title='bbox 1292 3428 1573 3494; x_wconf 84' lang='lat' dir='ltr'>autem</span> <span class='ocrx_word' id='word_1_236' title='bbox 1620 3471 1694 3514; x_wconf 49' lang='lat'>‚3</span> <span class='ocrx_word' id='word_1_237' title='bbox 1716 3431 1812 3495; x_wconf 90' lang='lat' dir='ltr'>ut</span> <span class='ocrx_word' id='word_1_238' title='bbox 1871 3403 2355 3500; x_wconf 87' lang='lat' dir='ltr'>earumdem</span> <span class='ocrx_word' id='word_1_239' title='bbox 2419 3411 2981 3525; x_wconf 85' lang='lat' dir='ltr'>praesentium</span> <span class='ocrx_word' id='word_1_240' title='bbox 3068 3408 3491 3498; x_wconf 87' lang='lat' dir='ltr'>literarum</span> <span class='ocrx_word' id='word_1_241' title='bbox 3571 3432 3794 3500; x_wconf 87' lang='lat' dir='ltr'>tran·</span> 
     </span>
     <span class='ocr_line' id='line_1_26' title="bbox 410 3527 3898 3646; baseline 0.001 -35"><span class='ocrx_word' id='word_1_242' title='bbox 410 3529 758 3641; x_wconf 83' lang='lat' dir='ltr'>sumptis</span> <span class='ocrx_word' id='word_1_243' title='bbox 805 3587 831 3632; x_wconf 99' lang='lat'>,</span> <span class='ocrx_word' id='word_1_244' title='bbox 900 3556 1049 3612; x_wconf 91' lang='lat' dir='ltr'>seu</span> <span class='ocrx_word' id='word_1_245' title='bbox 1099 3530 1491 3642; x_wconf 82' lang='lat' dir='ltr'>exemplis</span> <span class='ocrx_word' id='word_1_246' title='bbox 1527 3591 1551 3635; x_wconf 88' lang='lat'>,</span> <span class='ocrx_word' id='word_1_247' title='bbox 1608 3531 1856 3617; x_wconf 87' lang='lat' dir='ltr'>etiam</span> <span class='ocrx_word' id='word_1_248' title='bbox 1908 3527 2315 3643; x_wconf 85' lang='lat' dir='ltr'>impressis</span> <span class='ocrx_word' id='word_1_249' title='bbox 2345 3591 2371 3636; x_wconf 89' lang='lat'>,</span> <span class='ocrx_word' id='word_1_250' title='bbox 2427 3560 2680 3614; x_wconf 88' lang='lat' dir='ltr'>manu</span> <span class='ocrx_word' id='word_1_251' title='bbox 2745 3530 3098 3637; x_wconf 76' lang='lat' dir='ltr'>alicuius</span> <span class='ocrx_word' id='word_1_252' title='bbox 3145 3528 3465 3617; x_wconf 85' lang='lat' dir='ltr'>Notarii</span> <span class='ocrx_word' id='word_1_253' title='bbox 3512 3530 3793 3646; x_wconf 88' lang='lat' dir='ltr'>publi·</span> <span class='ocrx_word' id='word_1_254' title='bbox 3893 3575 3898 3582; x_wconf 18' lang='grc' dir='ltr'>ἡ</span> 
     </span>
     <span class='ocr_line' id='line_1_27' title="bbox 412 3646 3795 3763; baseline 0.002 -32"><span class='ocrx_word' id='word_1_255' title='bbox 412 3648 488 3731; x_wconf 86' lang='lat' dir='ltr'>ci</span> <span class='ocrx_word' id='word_1_256' title='bbox 541 3646 1080 3761; x_wconf 86' lang='lat' dir='ltr'>subscriptis,</span> <span class='ocrx_word' id='word_1_257' title='bbox 1133 3670 1215 3734; x_wconf 86' lang='lat' dir='ltr'>et</span> <span class='ocrx_word' id='word_1_258' title='bbox 1272 3649 1542 3759; x_wconf 86' lang='lat' dir='ltr'>sigillo</span> <span class='ocrx_word' id='word_1_259' title='bbox 1590 3679 1985 3762; x_wconf 83' lang='lat' dir='ltr'>personae</span> <span class='ocrx_word' id='word_1_260' title='bbox 2043 3651 2130 3734; x_wconf 90' lang='lat' dir='ltr'>in</span> <span class='ocrx_word' id='word_1_261' title='bbox 2217 3650 2765 3736; x_wconf 86' lang='lat' dir='ltr'>ecclesiastica</span> <span class='ocrx_word' id='word_1_262' title='bbox 2833 3647 3235 3763; x_wconf 84' lang='lat' dir='ltr'>dignitate</span> <span class='ocrx_word' id='word_1_263' title='bbox 3297 3652 3795 3739; x_wconf 85' lang='lat' dir='ltr'>constitutae</span> 
     </span>
     <span class='ocr_line' id='line_1_28' title="bbox 404 3762 3788 3893; baseline 0.002 -41"><span class='ocrx_word' id='word_1_264' title='bbox 404 3768 751 3853; x_wconf 82' lang='lat' dir='ltr'>munitis</span> <span class='ocrx_word' id='word_1_265' title='bbox 816 3762 1106 3853; x_wconf 86' lang='lat' dir='ltr'>eadem</span> <span class='ocrx_word' id='word_1_266' title='bbox 1167 3800 1500 3883; x_wconf 88' lang='lat' dir='ltr'>prorsus</span> <span class='ocrx_word' id='word_1_267' title='bbox 1564 3764 1775 3855; x_wconf 86' lang='lat' dir='ltr'>fides</span> <span class='ocrx_word' id='word_1_268' title='bbox 1828 3771 1925 3865; x_wconf 73' lang='lat' dir='ltr'>‚in</span> <span class='ocrx_word' id='word_1_269' title='bbox 2002 3764 2330 3884; x_wconf 88' lang='lat' dir='ltr'>judicio</span> <span class='ocrx_word' id='word_1_270' title='bbox 2366 3832 2392 3877; x_wconf 99' lang='lat'>,</span> <span class='ocrx_word' id='word_1_271' title='bbox 2478 3791 2564 3855; x_wconf 89' lang='lat' dir='ltr'>et</span> <span class='ocrx_word' id='word_1_272' title='bbox 2627 3791 2849 3857; x_wconf 85' lang='lat' dir='ltr'>extra</span> <span class='ocrx_word' id='word_1_273' title='bbox 2914 3767 3413 3858; x_wconf 87' lang='lat' dir='ltr'>adhibeatur</span> <span class='ocrx_word' id='word_1_274' title='bbox 3458 3833 3484 3878; x_wconf 91' lang='lat'>,</span> <span class='ocrx_word' id='word_1_275' title='bbox 3566 3801 3788 3893; x_wconf 35' lang='lat' dir='ltr'>quae·</span> 
     </span>
     <span class='ocr_line' id='line_1_29' title="bbox 412 3881 3466 4001; baseline 0.003 -32"><span class='ocrx_word' id='word_1_276' title='bbox 412 3887 607 3999; x_wconf 86' lang='lat' dir='ltr'>ipsis</span> <span class='ocrx_word' id='word_1_277' title='bbox 657 3887 1228 4001; x_wconf 88' lang='lat' dir='ltr'>praesentibus</span> <span class='ocrx_word' id='word_1_278' title='bbox 1272 3881 1809 3978; x_wconf 87' lang='lat' dir='ltr'>adhiberetur</span> <span class='ocrx_word' id='word_1_279' title='bbox 1843 3951 1867 3997; x_wconf 88' lang='lat'>,</span> <span class='ocrx_word' id='word_1_280' title='bbox 1929 3890 1999 3976; x_wconf 86' lang='lat' dir='ltr'>si</span> <span class='ocrx_word' id='word_1_281' title='bbox 2044 3885 2323 3977; x_wconf 85' lang='lat' dir='ltr'>forent</span> <span class='ocrx_word' id='word_1_282' title='bbox 2366 3887 2777 3977; x_wconf 84' lang='lat' dir='ltr'>exhibitae</span> <span class='ocrx_word' id='word_1_283' title='bbox 2805 3954 2834 3994; x_wconf 91' lang='lat'>,</span> <span class='ocrx_word' id='word_1_284' title='bbox 2883 3890 3022 3977; x_wconf 88' lang='lat' dir='ltr'>vel</span> <span class='ocrx_word' id='word_1_285' title='bbox 3069 3914 3466 3979; x_wconf 87' lang='lat' dir='ltr'>ostensae.</span> 
     </span>
    </p>

    <p class='ocr_par' dir='ltr' id='par_1_5' title="bbox 407 4003 3814 4219">
     <span class='ocr_line' id='line_1_30' title="bbox 436 4003 3807 4124; baseline 0.002 -34"><span class='ocrx_word' id='word_1_286' title='bbox 436 4071 443 4082; x_wconf 86' lang='lat'>.</span> <span class='ocrx_word' id='word_1_287' title='bbox 525 4003 844 4094; x_wconf 88' lang='lat' dir='ltr'>Datum</span> <span class='ocrx_word' id='word_1_288' title='bbox 898 4006 1212 4095; x_wconf 81' lang='lat' dir='ltr'>Romae</span> <span class='ocrx_word' id='word_1_289' title='bbox 1295 4005 1520 4124; x_wconf 89' lang='lat' dir='ltr'>apud</span> <span class='ocrx_word' id='word_1_290' title='bbox 1607 4010 1688 4095; x_wconf 89' lang='lat' dir='ltr'>S.</span> <span class='ocrx_word' id='word_1_291' title='bbox 1743 4009 2088 4097; x_wconf 90' lang='lat' dir='ltr'>Petrum</span> <span class='ocrx_word' id='word_1_292' title='bbox 2136 4008 2294 4095; x_wconf 88' lang='lat' dir='ltr'>sub</span> <span class='ocrx_word' id='word_1_293' title='bbox 2343 4009 2693 4095; x_wconf 90' lang='lat' dir='ltr'>Annulo</span> <span class='ocrx_word' id='word_1_294' title='bbox 2744 4010 3040 4098; x_wconf 87' lang='lat' dir='ltr'>Piscat.</span> <span class='ocrx_word' id='word_1_295' title='bbox 3094 4008 3234 4099; x_wconf 91' lang='lat' dir='ltr'>die</span> <span class='ocrx_word' id='word_1_296' title='bbox 3292 4011 3575 4099; x_wconf 79' lang='lat' dir='ltr'>XXV.</span> <span class='ocrx_word' id='word_1_297' title='bbox 3629 4006 3807 4097; x_wconf 80' lang='lat' dir='ltr'>Fe·-</span> 
     </span>
     <span class='ocr_line' id='line_1_31' title="bbox 407 4122 3814 4219; baseline 0.003 -12"><span class='ocrx_word' id='word_1_298' title='bbox 407 4122 722 4216; x_wconf 85' lang='lat' dir='ltr'>bruarii</span> <span class='ocrx_word' id='word_1_299' title='bbox 770 4125 1360 4215; x_wconf 78' lang='lat' dir='ltr'>MDGCXIII.</span> <span class='ocrx_word' id='word_1_300' title='bbox 1413 4126 1954 4219; x_wconf 85' lang='lat' dir='ltr'>Pontificatus</span> <span class='ocrx_word' id='word_1_301' title='bbox 2005 4132 2265 4218; x_wconf 86' lang='lat' dir='ltr'>nostri</span> <span class='ocrx_word' id='word_1_302' title='bbox 2313 4130 2567 4216; x_wconf 87' lang='lat' dir='ltr'>Anno</span> <span class='ocrx_word' id='word_1_303' title='bbox 2614 4128 2973 4217; x_wconf 90' lang='lat' dir='ltr'>Decimo</span> <span class='ocrx_word' id='word_1_304' title='bbox 3038 4132 3303 4219; x_wconf 87' lang='lat' dir='ltr'>tertio.</span> <span class='ocrx_word' id='word_1_305' title='bbox 3805 4163 3814 4172; x_wconf 56' lang='lat'>²</span> 
     </span>
    </p>
   </div>
   <div class='ocr_carea' id='block_1_2' title="bbox 562 4300 3593 4338">
    <p class='ocr_par' dir='ltr' id='par_1_6' title="bbox 562 4300 3593 4338">
     <span class='ocr_line' id='line_1_32' title="bbox 562 4300 3593 4338; baseline 0 2071"><span class='ocrx_word' id='word_1_306' title='bbox 562 4300 3593 4338; x_wconf 95' lang='lat' dir='ltr'> </span> 
     </span>
    </p>
   </div>
   <div class='ocr_carea' id='block_1_3' title="bbox 542 4367 3674 4628">
    <p class='ocr_par' dir='ltr' id='par_1_7' title="bbox 542 4367 3674 4628">
     <span class='ocr_line' id='line_1_33' title="bbox 542 4367 3674 4507; baseline 0.006 -43"><span class='ocrx_word' id='word_1_307' title='bbox 542 4388 1132 4498; x_wconf 77' lang='lat' dir='ltr'>Opportunum</span> <span class='ocrx_word' id='word_1_308' title='bbox 1159 4399 1239 4466; x_wconf 84' lang='lat' dir='ltr'>et</span> <span class='ocrx_word' id='word_1_309' title='bbox 1282 4379 1494 4467; x_wconf 76' lang='lat' dir='ltr'>utile</span> <span class='ocrx_word' id='word_1_310' title='bbox 1541 4387 1812 4470; x_wconf 76' lang='lat' dir='ltr'>visum</span> <span class='ocrx_word' id='word_1_311' title='bbox 1860 4402 1981 4471; x_wconf 79' lang='lat' dir='ltr'>est</span> <span class='ocrx_word' id='word_1_312' title='bbox 2029 4367 2170 4470; x_wconf 71' lang='lat' dir='ltr'>hio</span> <span class='ocrx_word' id='word_1_313' title='bbox 2230 4382 2546 4502; x_wconf 71' lang='lat' dir='ltr'>referre</span> <span class='ocrx_word' id='word_1_314' title='bbox 2593 4418 2813 4507; x_wconf 83' lang='lat' dir='ltr'>quae</span> <span class='ocrx_word' id='word_1_315' title='bbox 2858 4392 3322 4503; x_wconf 78' lang='lat' dir='ltr'>respiciunt</span> <span class='ocrx_word' id='word_1_316' title='bbox 3364 4391 3674 4483; x_wconf 82' lang='lat' dir='ltr'>Bullae</span> 
     </span>
     <span class='ocr_line' id='line_1_34' title="bbox 823 4502 3370 4628; baseline 0.004 -37"><span class='ocrx_word' id='word_1_317' title='bbox 823 4502 1334 4616; x_wconf 85' lang='lat' dir='ltr'>Unigenitus</span> <span class='ocrx_word' id='word_1_318' title='bbox 1371 4502 2142 4625; x_wconf 81' lang='lat' dir='ltr'>promulgationem</span> <span class='ocrx_word' id='word_1_319' title='bbox 2200 4537 2260 4592; x_wconf 85' lang='lat' dir='ltr'><em>a</em></span> <span class='ocrx_word' id='word_1_320' title='bbox 2315 4504 2745 4593; x_wconf 82' lang='lat' dir='ltr'>Clemente</span> <span class='ocrx_word' id='word_1_321' title='bbox 2792 4509 2958 4596; x_wconf 84' lang='lat' dir='ltr'>XI.</span> <span class='ocrx_word' id='word_1_322' title='bbox 2993 4508 3370 4628; x_wconf 80' lang='lat' dir='ltr'>factam.</span> 
     </span>
    </p>
   </div>
   <div class='ocr_carea' id='block_1_4' title="bbox 412 4685 3786 4994">
    <p class='ocr_par' dir='ltr' id='par_1_8' title="bbox 412 4685 3786 4994">
     <span class='ocr_line' id='line_1_35' title="bbox 412 4685 3786 4845; baseline 0.003 -26"><span class='ocrx_word' id='word_1_323' title='bbox 412 4732 904 4819; x_wconf 79' lang='lat' dir='ltr'>Damnatur</span> <span class='ocrx_word' id='word_1_324' title='bbox 929 4792 955 4838; x_wconf 91' lang='lat'>,</span> <span class='ocrx_word' id='word_1_325' title='bbox 1016 4747 1097 4814; x_wconf 80' lang='lat' dir='ltr'>et</span> <span class='ocrx_word' id='word_1_326' title='bbox 1140 4730 1635 4845; x_wconf 76' lang='lat' dir='ltr'>prohibetur</span> <span class='ocrx_word' id='word_1_327' title='bbox 1684 4685 1897 4817; x_wconf 77' lang='lat' dir='ltr'>liber</span> <span class='ocrx_word' id='word_1_328' title='bbox 1940 4685 2088 4818; x_wconf 80' lang='lat' dir='ltr'>cui</span> <span class='ocrx_word' id='word_1_329' title='bbox 2132 4728 2478 4818; x_wconf 80' lang='lat' dir='ltr'>titulus:</span> <span class='ocrx_word' id='word_1_330' title='bbox 2547 4730 2672 4836; x_wconf 84' lang='lat' dir='ltr'>Le</span> <span class='ocrx_word' id='word_1_331' title='bbox 2704 4734 3115 4826; x_wconf 81' lang='lat' dir='ltr'>Nouveau</span> <span class='ocrx_word' id='word_1_332' title='bbox 3161 4734 3645 4830; x_wconf 78' lang='lat' dir='ltr'>Testament</span> <span class='ocrx_word' id='word_1_333' title='bbox 3679 4770 3786 4831; x_wconf 82' lang='lat' dir='ltr'>en</span> 
     </span>
     <span class='ocr_line' id='line_1_36' title="bbox 537 4847 3746 4994; baseline 0.004 -57"><span class='ocrx_word' id='word_1_334' title='bbox 537 4850 933 4955; x_wconf 78' lang='lat' dir='ltr'>Francois</span> <span class='ocrx_word' id='word_1_335' title='bbox 980 4870 1141 4940; x_wconf 85' lang='lat' dir='ltr'>etc.</span> <span class='ocrx_word' id='word_1_336' title='bbox 1200 4850 1321 4964; x_wconf 24' lang='lat' dir='ltr'>*V</span> <span class='ocrx_word' id='word_1_337' title='bbox 1305 4851 1442 4940; x_wconf 85' lang='lat' dir='ltr'>el:</span> <span class='ocrx_word' id='word_1_338' title='bbox 1509 4851 1839 4966; x_wconf 75' lang='lat' dir='ltr'>Abrege</span> <span class='ocrx_word' id='word_1_339' title='bbox 1903 4847 2012 4994; x_wconf 74' lang='lat' dir='ltr'>de</span> <span class='ocrx_word' id='word_1_340' title='bbox 2062 4853 2140 4942; x_wconf 84' lang='lat' dir='ltr'>la</span> <span class='ocrx_word' id='word_1_341' title='bbox 2207 4851 2528 4944; x_wconf 85' lang='lat' dir='ltr'>Morale</span> <span class='ocrx_word' id='word_1_342' title='bbox 2574 4852 2684 4945; x_wconf 90' lang='lat' dir='ltr'>de</span> <span class='ocrx_word' id='word_1_343' title='bbox 2717 4855 3182 4992; x_wconf 79' lang='lat' dir='ltr'>l’Evangile</span> <span class='ocrx_word' id='word_1_344' title='bbox 3229 4883 3388 4950; x_wconf 85' lang='lat' dir='ltr'>etc.</span> <span class='ocrx_word' id='word_1_345' title='bbox 3737 4859 3746 4868; x_wconf 82' lang='grc'><strong><em>’</em></strong></span> 
     </span>
    </p>
   </div>
   <div class='ocr_carea' id='block_1_5' title="bbox 981 5089 3231 5457">
    <p class='ocr_par' dir='ltr' id='par_1_9' title="bbox 981 5089 3231 5457">
     <span class='ocr_line' id='line_1_37' title="bbox 981 5089 3231 5262; baseline 0.004 -54"><span class='ocrx_word' id='word_1_346' title='bbox 981 5089 2112 5214; x_wconf 76' lang='lat' dir='ltr'>CLEME-Ns</span> <span class='ocrx_word' id='word_1_347' title='bbox 2237 5093 3231 5262; x_wconf 70' lang='lat' dir='ltr'><strong>PAPAXL·</strong></span> 
     </span>
     <span class='ocr_line' id='line_1_38' title="bbox 1432 5334 2775 5457; baseline -0.001 -21"><span class='ocrx_word' id='word_1_348' title='bbox 1432 5334 1589 5436; x_wconf 84' lang='lat' dir='ltr'>Ad</span> <span class='ocrx_word' id='word_1_349' title='bbox 1600 5337 2011 5457; x_wconf 69' lang='lat' dir='ltr'>fiam-am</span> <span class='ocrx_word' id='word_1_350' title='bbox 2070 5350 2205 5435; x_wconf 75' lang='lat' dir='ltr'>rei</span> <span class='ocrx_word' id='word_1_351' title='bbox 2250 5350 2775 5440; x_wconf 81' lang='lat' dir='ltr'>memoriam.</span> 
     </span>
    </p>
   </div>
   <div class='ocr_carea' id='block_1_6' title="bbox 534 5487 4187 5699">
    <p class='ocr_par' dir='ltr' id='par_1_10' title="bbox 534 5487 4187 5699">
     <span class='ocr_line' id='line_1_39' title="bbox 534 5487 4187 5699; baseline 0 -26"><span class='ocrx_word' id='word_1_352' title='bbox 534 5487 1032 5674; x_wconf 82' lang='lat' dir='ltr'>Universi</span> <span class='ocrx_word' id='word_1_353' title='bbox 1080 5579 1512 5672; x_wconf 88' lang='lat' dir='ltr'>Dominici</span> <span class='ocrx_word' id='word_1_354' title='bbox 1578 5587 1842 5699; x_wconf 89' lang='lat' dir='ltr'>gregis</span> <span class='ocrx_word' id='word_1_355' title='bbox 1902 5618 2100 5676; x_wconf 88' lang='lat' dir='ltr'>cura</span> <span class='ocrx_word' id='word_1_356' title='bbox 2134 5564 2624 5681; x_wconf 44' lang='lat' dir='ltr'>‘humilitati</span> <span class='ocrx_word' id='word_1_357' title='bbox 2677 5616 3000 5684; x_wconf 74' lang='lat' dir='ltr'>nostrae</span> <span class='ocrx_word' id='word_1_358' title='bbox 3050 5591 3392 5680; x_wconf 85' lang='lat' dir='ltr'>caelitus</span> <span class='ocrx_word' id='word_1_359' title='bbox 3457 5587 3797 5681; x_wconf 84' lang='lat' dir='ltr'>deman-</span> <span class='ocrx_word' id='word_1_360' title='bbox 3820 5569 4187 5690; x_wconf 50' lang='lat' dir='ltr'>Efordifm.</span> 
     </span>
    </p>
   </div>
   <div class='ocr_carea' id='block_1_7' title="bbox 424 5698 4182 5922">
    <p class='ocr_par' dir='ltr' id='par_1_11' title="bbox 424 5698 4182 5922">
     <span class='ocr_line' id='line_1_40' title="bbox 424 5698 4182 5922; baseline 0.004 -134"><span class='ocrx_word' id='word_1_361' title='bbox 424 5698 613 5790; x_wconf 83' lang='lat' dir='ltr'>data</span> <span class='ocrx_word' id='word_1_362' title='bbox 663 5700 835 5911; x_wconf 48' lang='lat' dir='ltr'>{os</span> <span class='ocrx_word' id='word_1_363' title='bbox 888 5725 1129 5913; x_wconf 60' lang='lat' dir='ltr'>ult-Iget</span> <span class='ocrx_word' id='word_1_364' title='bbox 1161 5767 1187 5812; x_wconf 97' lang='lat'>,</span> <span class='ocrx_word' id='word_1_365' title='bbox 1235 5729 1335 5794; x_wconf 90' lang='lat' dir='ltr'>ut</span> <span class='ocrx_word' id='word_1_366' title='bbox 1380 5738 1794 5799; x_wconf 87' lang='lat' dir='ltr'>sacrarum</span> <span class='ocrx_word' id='word_1_367' title='bbox 1846 5706 2456 5830; x_wconf 74' lang='lat' dir='ltr'>scripturarum</span> <span class='ocrx_word' id='word_1_368' title='bbox 2489 5776 2514 5821; x_wconf 86' lang='lat'>,</span> <span class='ocrx_word' id='word_1_369' title='bbox 2580 5714 2888 5922; x_wconf 56' lang='lat' dir='ltr'>quilips</span> <span class='ocrx_word' id='word_1_370' title='bbox 2936 5714 3452 5832; x_wconf 84' lang='lat' dir='ltr'>potissimum</span> <span class='ocrx_word' id='word_1_371' title='bbox 3501 5711 3798 5802; x_wconf 85' lang='lat' dir='ltr'>Eccle-</span> <span class='ocrx_word' id='word_1_372' title='bbox 3929 5755 3943 5790; x_wconf 87' lang='grc'>.·</span> <span class='ocrx_word' id='word_1_373' title='bbox 4007 5779 4030 5791; x_wconf 63' lang='lat'>.,</span> <span class='ocrx_word' id='word_1_374' title='bbox 4075 5757 4104 5793; x_wconf 68' lang='lat'>-1</span> <span class='ocrx_word' id='word_1_375' title='bbox 4145 5737 4182 5790; x_wconf 73' lang='lat'>3-</span> 
     </span>
     <span class='ocr_line' id='line_1_41' title="bbox 751 5855 4122 5913; baseline 0.016 -4"><span class='ocrx_word' id='word_1_376' title='bbox 751 5855 911 5912; x_wconf 85' lang='lat' dir='ltr'>om.</span> <span class='ocrx_word' id='word_1_377' title='bbox 1014 5886 1039 5913; x_wconf 85' lang='lat'><strong><em>.</em></strong></span> <span class='ocrx_word' id='word_1_378' title='bbox 4117 5865 4122 5872; x_wconf 55' lang='grc'><em>’</em></span> 
     </span>
    </p>
   </div>
   <div class='ocr_carea' id='block_1_8' title="bbox 4829 2078 4834 2921">
    <p class='ocr_par' dir='ltr' id='par_1_12' title="bbox 4829 2078 4834 2921">
     <span class='ocr_line' id='line_1_42' title="bbox 4829 2078 4834 2921; baseline 0 0"><span class='ocrx_word' id='word_1_379' title='bbox 4829 2078 4834 2921; x_wconf 95' lang='lat' dir='ltr'> </span> 
     </span>
    </p>
   </div>
   <div class='ocr_carea' id='block_1_9' title="bbox 4828 2078 4834 3567">
    <p class='ocr_par' dir='ltr' id='par_1_13' title="bbox 4828 2078 4834 3567">
     <span class='ocr_line' id='line_1_43' title="bbox 4828 2078 4834 3567; baseline 0 0"><span class='ocrx_word' id='word_1_380' title='bbox 4828 2078 4834 3567; x_wconf 95' lang='lat' dir='ltr'> </span> 
     </span>
    </p>
   </div>
  </div>
 </body>
</html>
