4834 6409
1018 468 1242 563 3065

1019 588 1266 677 etiam
1317 621 1563 707 super
1615 618 1763 677 usu
1807 613 1993 693 ‚›·et
2044 594 2568 707 perceptione
2619 592 3221 708 praedictorum
3265 660 3287 703 ‚
3374 619 3456 682 et
3508 594 3683 681 aliis
3733 590 4209 718 praemissis·
4242 588 4389 672 im·

1016 709 1410 823 pediant,
1490 712 1621 798 vel
1675 715 2173 820 molestent,
2229 745 2381 801 nec
2436 714 2881 829 impediri,
2934 720 3063 810 vel
3129 721 3537 813 molestari
3591 715 4096 830 permittant.

699 840 993 908 Facultas
1135 834 1202 930 S.
1268 863 1395 915 11.
1480 833 1615 917 Ad
1667 832 1870 919 haec
1908 896 1932 939 ,
2017 836 2598 951 Superioribus
2682 837 2878 921 dicti
2973 842 3318 951 Collegii
3403 868 3593 925 cunt
3684 865 4027 921 censura
4106 856 4379 917 tamen
4428 912 4441 931 ‚

628 930 961 1087 supervia-l
1018 948 1508 1040 Protectoris
1574 953 1969 1069 praedicti
2027 958 2265 1062 illos,
2338 988 2544 1073 quos
2597 960 2677 1041 in
2733 956 2957 1043 dicto
3009 962 3382 1071 Collegit>
3418 1025 3442 1065 ,
3531 983 3612 1046 et
3663 956 3894 1042 alibi'
3944 987 4089 1069 per
4152 952 4382 1037 debi-

630 1045 779 1203 {2³3¹}
809 1049 995 1204 ,pi-'01
1021 1094 1193 1173 tum
1246 1095 1570 1189 tempus
1620 1074 2068 1178 studuisse,
2125 1110 2220 1185 ac
2267 1081 2603 1165 scientia
2643 1141 2668 1183 ‚
2736 1103 2821 1164 et
2868 1083 3239 1169 moribus
3289 1079 3633 1166 idoneos
3682 1107 3852 1162 esse
3908 1077 4383 1196 repererint,
4424 1138 4437 1152 .

626 1208 926 1274 movendi
1018 1194 1099 1276 in
1157 1193 1594 1307 praedictis
1657 1195 2186 1283 facultatibus
2275 1201 2570 1282 artium
2611 1265 2639 1305 ,
2680 1223 2784 1284 ·et
2835 1201 3333 1313 Theologiae
3370 1198 4046 1301 Baccalariatus·,
4139 1196 4388 1281 licen·

628 1319 776 1363 ⁰⁰¹⁰
811 1322 961 1455 ⁰3¹¹·
1019 1314 1422 1423 tiaturae,
1477 1315 2111 1437 doctoratusque
2148 1383 2173 1424 ,
2249 1344 2329 1403 et
2387 1319 2823 1427 Magisterii
2878 1324 3175 1433 gradus
3225 1387 3256 1427 ,
3337 1346 3646 1408 servata
3699 1317 3957 1403 forma
4014 1316 4375 1403 Concilii

627 1412 1463 1549 {ggffrisr⁰‘Viennen.,
1515 1462 1598 1523 et
1646 1440 1838 1525 alias
1891 1443 2112 1552 juxta
2168 1439 2747 1524 Universitatis
2786 1442 3034 1528 studii
3114 1441 3487 1556 ejusdem
3538 1442 3796 1527 Urbis
3849 1434 4386 1523 consuetudi-

623 1574 945 1643 seholares
1021 1585 1208 1642 nem
1277 1560 1878 1670 promovendi,
1960 1584 2043 1645 et
2101 1552 2462 1672 ipsorum
2527 1559 2930 1670 graduum
2984 1564 3217 1649 solita
3281 1565 3622 1677 insignia
3692 1564 3806 1645 eis
3873 1555 4429 1662 exhibendi,-

625 1663 708 1729 ad
761 1688 900 1755 8¹·ss-
1016 1699 1276 1797 utque
1326 1679 1407 1761 in
1454 1676 1991 1772 ,facultatibus
2072 1679 2562 1793 supradictis
2646 1685 2761 1764 sic
2804 1687 3172 1798 ,promoti
3253 1686 3427 1770 illas
3508 1683 3838 1796 publice
3864 1742 3893 1785 ,,
3973 1702 4056 1764 et
4118 1682 4387 1792 priva-

626 1753 746 1825 ‘¹⁰⁸
799 1771 923 1825 ἄρ’
1012 1798 1157 1882 tim
1197 1862 1223 1903 ‚
1267 1801 1532 1884 etiam
1577 1802 1657 1885 in
1714 1804 2099 1887 omnibns
2147 1799 2853 1910 Universitatibus
2904 1802 3386 1891 Studiorum
3429 1803 3935 1912 generalium
3988 1802 4387 1912 interpre-

1013 1922 1224 2025 tari,
1290 1942 1373 2009 et
1423 1922 1621 2005 alios
1683 1920 2034 2028 docere,
2089 1955 2181 2006 ac
2243 1922 2352 2005 de
2401 1924 2518 2007 eis
2579 1954 3005 2030 exercere,
3058 1959 3151 2010 ac
3203 1926 3591 2012 omnibus
3644 1923 4087 2037 privilegiis
4121 1983 4145 2023 ,
4202 1951 4381 2027 gra·
4426 1976 4433 1985 ‚

1009 2039 1195 2143 tiis,
1262 2037 1679 2125 favoribus
1716 2109 1740 2150 ‚
1823 2045 2405 2158 praerogativis
2443 2106 2471 2145 ,
2535 2067 2620 2127 et
2669 2042 3013 2130 indultis
3061 2109 3091 2149 ,
3178 2048 3481 2165 quibus
3532 2045 3708 2129 aliis
3763 2046 3844 2125 in
3906 2037 4313 2153 praedicta
4356 2105 4380 2147 ,

1008 2188 1154 2242 seu
1206 2161 1383 2244 aliis
1434 2162 2178 2267 Universitatibus‚
2243 2187 2325 2249 et
2378 2163 2571 2247 alibi
2622 2167 2846 2277 juxta
2903 2167 3119 2267 illius
3171 2233 3199 2273 ‚
3285 2191 3367 2253 et
3440 2166 3788 2255 aliarum
3868 2162 4384 2247 Universita-

902 2360 906 2366 .
1009 2299 1189 2363 tum
1271 2280 1745 2396 hujusmodi
1825 2274 2505 2391 constitutiones»,
2584 2309 2669 2369 et
2730 2292 3049 2392 mores,
3129 2287 3236 2374 ad
3314 2283 3612 2397 gradus
3691 2279 4150 2398 praedictos
4200 2312 4435 2394 pro--

1008 2402 1208 2486 moti
1261 2400 1367 2487 de
1393 2406 1601 2516 ,jure
1631 2457 1662 2511 ·,
1742 2405 1875 2491 vel
1941 2402 2543 2490 consuetudine
2619 2428 3030 2510 utuntur,
3113 2411 3603 2522 potiuntur,
3656 2427 3744 2491 et
3791 2400 4220 2514 gaudent,
4291 2436 4386 2489 ac

988 2522 1158 2626 uti,
1210 2526 1450 2634 potiri
1491 2587 1516 2629 ,
1572 2549 1654 2610 et
1704 2518 2080 2636 gaudere*
2114 2547 2504 2639 peterunt
2553 2525 3185 2641 quomodolibet
3232 2531 3317 2612 in
3354 2525 3728 2611 futur-um
3769 2588 3791 2631 ,
3850 2526 3969 2606 uti
4012 2586 4035 2628 ‚
4103 2523 4374 2636 potiri,

915 2713 920 2716 .
1007 2662 1089 2722 ct
1152 2640 1510 2753 gaudere
1571 2650 1944 2757 possint,
2028 2669 2112 2732 et
2163 2641 2584 2751 debeant,
2642 2644 3010 2760 'perinde
3078 2681 3192 2753 ac,
3235 2650 3313 2732 si*
3385 2643 3682 2758 gradus
3767 2642 4227 2759 praedictos
4294 2646 4376 2728 in

1005 2759 1180 2872 ipsa
1267 2763 1828 2855 Universitate
1894 2772 2116 2881 juxta
2180 2788 2480 2850 statuta
2519 2830 2543 2873 ‚
2614 2765 3256 2855 consuetudines
3308 2831 3332 2876 ‚
3412 2789 3503 2852 et·
3570 2785 3845 2852 'mores
3922 2760 4381 2878 praedictos

1003 2886 1554 3000 suscepissent
1588 2881 1618 2992 ‚'
1667 2882 2177 2973 concedendi
2223 2887 2647 2972 licentiam
2702 2888 3199 2999 tribuimus.-
3928 2978 3937 2983 ἦ
4476 2982 4493 3003 ‚

617 2998 975 3111 scholares,
1122 3003 1189 3102 §.
1255 3037 1389 3092 ια.
1448 3007 1873 3097 Postremo
1925 3039 2116 3093 cum
2171 3003 2500 3103 eosdem
2556 3006 2983 3094 Soholares
3046 3010 3299 3125 hujus
3344 3006 3702 3115 Collegii
3756 3005 4132 3089 alumnos
4195 3024 4427 3127 post'

619 3094 954 3249 {fuzlcl'essnm
1006 3120 1288 3233 longos
1355 3124 1816 3215 studiorum
1859 3128 2009 3215 -vel
2060 3150 2539 3240 coeptorum
2579 3188 2602 3233 ‚
2671 3128 2805 3213 vel
2859 3154 3527 3215 consumatorum
3585 3126 3954 3227 labores,
4010 3122 4384 3209 sacerdo-

613 3208 885 3363 siouegii
1004 3243 1144 3329 tali
1199 3244 1539 3333 militiae
1591 3280 1740 3361 pro
1789 3252 2179 3360 temporis
2216 3310 2240 3352 ,
2306 3248 2443 3337 vel
2493 3248 2648 3333 loci
2705 3254 3203 3337 necessitate·
3238 3247 3705 3350 adscribere
3739 3241 4167 3365 ·conducat
4206 3308 4231 3351 ‚
4292 3269 4425 3331 ut.

613 3366 978 3474 prou-novari
1005 3364 1473 3451 ministeriis
1504 3430 1527 3473 ,
1569 3391 1651 3452 et
1697 3360 2270 3454 functionibus
2321 3372 2565 3453 sacris
2619 3361 3143 3475 assuescant,
3174 3367 3565 3485 dictaque
3601 3365 4026 3450 Ecclesiae
4081 3364 4379 3453 SSfiiae

611 3471 980 3615 ffiffltnffi*
1007 3481 1431 3573 Trinitatis
1494 3485 1766 3583 officia
1851 3512 2324 3601 praestent,
2401 3519 2546 3574 sen
2631 3512 2725 3574 ut
2801 3495 3147 3604 operarii
3217 3492 3707 3590 mittantur,
3795 3480 4103 3570 eisdem
4175 3483 4382 3570 Alu-

609 3662 766 3728 1³⁰¹*
795 3573 844 3720 ,e
867 3587 935 3709 ei
1008 3607 1219 3689 mnis
1256 3668 1279 3711 ‚
1323 3629 1446 3691 ut
1494 3606 1599 3695 de
1653 3609 1975 3693 licentia
2034 3609 2529 3695 Protectoris
2563 3672 2593 3713 ,
2657 3641 2751 3694 ac
2798 3608 3002 3695 dicti
3078 3609 3427 3719 Collegii
3483 3606 3850 3691 Rectoris
3902 3636 4306 3691 consensu
4338 3669 4363 3712 ,

614 3728 1088 3840 apsqqeOr-,et
1136 3728 1503 3813 examine
1555 3726 2099 3842 praecedente
2131 3792 2155 3835 ,
2236 3732 2483 3814 etiam
2560 3752 2780 3815 extra
2834 3756 3198 3846 tempora
3280 3763 3320 3815 a
3375 3733 3553 3842 jure
3604 3749 3907 3811 sta-tuta
3951 3788 3973 3830 ,
4028 3727 4381 3811 intersti-

611 3820 939 3980 d¹”³¹'l{⁰‘.
1004 3846 1302 3963 tiisque
1383 3870 1846 3962 temporum
1902 3882 1944 3933 a
1998 3848 2320 3934 Concil.
2372 3847 2870 3935 Tridentino
2918 3854 3419 3964 praestitutis
3481 3878 3645 3931 non
3733 3846 4231 3961 expectatis„
4294 3870 4421 3932 et-

609 3930 973 4074 ffiffiisffifn
1001 3970 1248 4051 etiam
1299 3968 1611 4086 absque
1674 3998 2011 4053 suorum
2065 3966 2702 4069 Ordinatiorum
2755 3972 3008 4057 literis
3061 3968 3740 4057 dimissorialibus
3779 4028 3802 4072 ,
3856 3998 3952 4050 ao
4002 3968 4180 4053 sine
4226 3966 4376 4052 ali-

606 4098 975 4204 rjis,etsine
1002 4116 1170 4202 quo
1218 4087 1603 4189 beneficii
1635 4153 1660 4197 ,
1728 4091 1862 4177 vel
1912 4092 2386 4204 patrimonii¹
2437 4091 2679 4175 titulo
2728 4154 2758 4194 ,
2825 4115 2908 4177 et
2962 4102 3127 4177 non
3181 4092 3559 4179 obstante
3634 4090 3928 4206 quovis
3982 4086 4376 4206 natalium

609 4192 857 4347 ‘'²⁰¹⁰ss
912 4209 976 4261 0²
1003 4204 1329 4294 defectu
1363 4273 1386 4316 ‚
1436 4240 1901 4330 super.quo
1953 4242 2143 4295 cum
2198 4211 2501 4295 talibus
2542 4242 2684 4324 per
2735 4209 3064 4301 easdem
3102 4232 3582 4328 praesentes
3646 4207 4214 4320 dispensamus
4266 4204 4373 4292 ad
4424 4251 4433 4257 ·

610 4304 1339 4442 ἲῑῖζ.ο(1ἑςρ,οωυεε,
1397 4334 1640 4416 etiam
1696 4364 2017 4434 sacros,
2070 4353 2155 4416 et
2203 4331 2825 4442 presbyteratus
2904 4330 3271 4419 Ordines
3319 4332 3779 4443 promoveri
3832 4392 3860 4431 ,
3940 4348 4427 4453 postquam.

612 4477 720 4529 ctu
758 4480 927 4532 nata·
1001 4453 1350 4559 promoti
1393 4449 1747 4557 fuerint,
1801 4453 2088 4535 in-illis
2139 4453 2383 4539 etiarn
2438 4456 2523 4539 iu
2579 4451 2851 4539 altaris
2904 4453 3353 4541 ministerio
3401 4451 3925 4549 ministrare,
3982 4478 4075 4539 ac
4126 4450 4376 4553 etia-m

606 4555 781 4620 lium.
1003 4590 1166 4650 tam
1221 4560 1370 4681 ipsi
1408 4636 1437 4674 ,
1506 4602 1750 4687 quam
1810 4574 2056 4659 ceteri
2112 4600 2396 4667 omnes
2448 4576 2531 4656 in
2585 4569 2810 4657 dicto
2871 4571 3245 4684 Collegio
3297 4567 3738 4681 degentes,
3793 4592 3888 4652 ut
3936 4567 4375 4659 Poeniten·
4420 4636 4430 4645 .

1002 4688 1160 4771 tiae
1195 4749 1222 4791 ,
1264 4722 1358 4773 ac
1408 4690 1977 4776 Eucharistiae
2013 4754 2042 4795 ,
2108 4695 2351 4778 etiam
2419 4691 2556 4779 die
2625 4691 3043 4780 Paschatis
3074 4757 3099 4800 ,
3167 4714 3250 4779 et
3296 4692 3737 4775 Extremae
3787 4688 4203 4775 unctionis
4254 4719 4372 4773 sa·

1001 4832 1417 4897 eramenta
1470 4845 1511 4897 a
1566 4808 2146 4916 Confessario,
2218 4836 2363 4899 aut
2411 4816 2571 4899 alio
2636 4812 3077 4901 Sacerdote
3126 4815 3377 4927 ipsius
3460 4808 3810 4919 Collegii
3898 4841 3942 4893 a
4033 4805 4380 4897 Rectore

1001 4927 1222 5012 illius
1273 4932 1927 5037 constituendo,
1961 4937 2371 5047 suscipere
2423 4934 2743 5039 libere,
2795 4957 2880 5019 et
2930 4933 3151 5020 licite
3198 4933 3528 5019 valeant
3572 4927 4130 5038 indulgemus.
4192 4966 4225 4993 ‹-

644 5042 1020 5149 protecto--
1118 5045 1184 5147 S.
1252 5058 1378 5160 14.
1445 5053 1564 5139 Ut
1608 5083 1806 5141 vero
1855 5050 2230 5165 ejusdem
2299 5053 2651 5162 Collegii
2706 5055 3366 5158 conservationi,
3443 5050 3840 5166 bonoque
3923 5049 4365 5158 regimini,

606 5134 975 5295 ζὲζῑὲψιζῑ
1004 5189 1163 5254 tam
1219 5174 1299 5255 in
1356 5176 1509 5279 iis,
1563 5205 1790 5292 quae
1830 5171 1927 5256 ad
1967 5172 2493 5263 alumnorum
2553 5178 2913 5287 ipsorum
2977 5175 3624 5276 ins-titutionem,
3688 5192 3772 5254 et
3818 5165 4369 5283 disciplinam,

605 5277 966 5390 facultineg.
1001 5319 1247 5404 quam
1304 5325 1518 5410 quae
1569 5293 1670 5378 ad
1726 5296 2092 5398 victum,
2145 5321 2227 5382 et
2276 5298 2665 5383 vestitum
2704 5296 3108 5412 ,aliaque
3156 5289 3653 5406 hujusmodi.
3690 5292 4139 5377 necessaria
4194 5318 4375 5405 per·

1000 5412 1269 5497 tinent
1304 5476 1338 5517 ,
1400 5418 1943 5529 opportunius
1994 5418 2526 5526 consulatur,
2597 5438 2856 5532 utque
2905 5432 3381 5529 promptum
3414 5475 3438 5518 ,
3490 5432 4037 5526 paratumque
4084 5411 4190 5493 sit
4255 5410 4372 5495 eis

1000 5532 1440 5639 auxilium,
1491 5528 2051 5622 venerabilem
2101 5533 2435 5624 fratrem
2493 5559 2860 5622 nostrum
2909 5534 3315 5625 Joennem
3353 5533 3863 5646 Episcopum
3903 5529 4415 5616 Ostiensem.

1001 5650 1534 5743 Cardinalem
1578 5655 2032 5743 Moronum
2090 5679 2747 5773 nuncupatum,
2779 5654 3156 5775 ejusdem
3204 5652 3556 5763 Collegii
3607 5652 4165 5741 protectorem
4194 5714 4222 5754 ,
4284 5674 4370 5736 et
