<?xml version="1.0" encoding="UTF-8"?>
<!DOCTYPE html PUBLIC "-//W3C//DTD XHTML 1.0 Transitional//EN"
    "http://www.w3.org/TR/xhtml1/DTD/xhtml1-transitional.dtd">
<html xmlns="http://www.w3.org/1999/xhtml" xml:lang="en" lang="en">
 <head>
  <title>
</title>
<meta http-equiv="Content-Type" content="text/html;charset=utf-8" />
  <meta name='ocr-system' content='tesseract 3.04.00' />
  <meta name='ocr-capabilities' content='ocr_page ocr_carea ocr_par ocr_line ocrx_word'/>
</head>
<body>
  <div class='ocr_page' id='page_1' title='image "./bullariumpontif00fidegoog_0092.png"; bbox 0 0 4834 6409; ppageno 0'>
   <div class='ocr_carea' id='block_1_1' title="bbox 1027 425 1139 533">
    <p class='ocr_par' dir='ltr' id='par_1_1' title="bbox 1027 425 1139 533">
     <span class='ocr_line' id='line_1_1' title="bbox 1027 425 1139 533; textangle 90"><span class='ocrx_word' id='word_1_1' title='bbox 1027 425 1139 533; x_wconf 56' lang='lat' dir='ltr'>ff</span> 
     </span>
    </p>
   </div>
   <div class='ocr_carea' id='block_1_2' title="bbox 1021 521 1273 1372">
    <p class='ocr_par' dir='ltr' id='par_1_2' title="bbox 1021 509 1273 1372">
     <span class='ocr_line' id='line_1_2' title="bbox 1021 521 1136 1372; textangle 90"><span class='ocrx_word' id='word_1_2' title='bbox 1021 521 1136 1372; x_wconf 35' lang='lat' dir='ltr'><strong>ffiaeaeaeaeaeae.</strong></span> 
     </span>
     <span class='ocr_line' id='line_1_3' title="bbox 1189 671 1273 1239; textangle 90"><span class='ocrx_word' id='word_1_3' title='bbox 1189 671 1273 1239; x_wconf 62' lang='lat' dir='ltr'><strong>mmmmm</strong></span> 
     </span>
    </p>
   </div>
   <div class='ocr_carea' id='block_1_3' title="bbox 1494 545 4417 1249">
    <p class='ocr_par' dir='ltr' id='par_1_3' title="bbox 1508 545 4156 663">
     <span class='ocr_line' id='line_1_4' title="bbox 1508 545 4156 663; baseline 0.003 -23"><span class='ocrx_word' id='word_1_4' title='bbox 1508 609 1526 640; x_wconf 83' lang='grc'><strong>.</strong></span> <span class='ocrx_word' id='word_1_5' title='bbox 1586 545 2222 663; x_wconf 68' lang='lat' dir='ltr'><strong>S.‚A&#39;gathae&#39;S.</strong></span> <span class='ocrx_word' id='word_1_6' title='bbox 2267 549 2361 642; x_wconf 81' lang='lat' dir='ltr'><strong>R.</strong></span> <span class='ocrx_word' id='word_1_7' title='bbox 2392 549 2991 642; x_wconf 79' lang='lat' dir='ltr'><strong>.E..Diacont‘1s</strong></span> <span class='ocrx_word' id='word_1_8' title='bbox 3039 548 3302 640; x_wconf 71' lang='lat' dir='ltr'><strong>Card.</strong></span> <span class='ocrx_word' id='word_1_9' title='bbox 3330 549 3773 641; x_wconf 74' lang='lat' dir='ltr'><strong>columna.</strong></span> <span class='ocrx_word' id='word_1_10' title='bbox 4149 637 4156 648; x_wconf 86' lang='lat'><strong>.</strong></span> 
     </span>
    </p>

    <p class='ocr_par' dir='ltr' id='par_1_4' title="bbox 1494 669 4417 1249">
     <span class='ocr_line' id='line_1_5' title="bbox 1496 669 4322 782; baseline -0 -25"><span class='ocrx_word' id='word_1_11' title='bbox 1496 732 1517 757; x_wconf 89' lang='lat'><strong>.</strong></span> <span class='ocrx_word' id='word_1_12' title='bbox 1553 670 1695 756; x_wconf 89' lang='lat' dir='ltr'><strong>SS.</strong></span> <span class='ocrx_word' id='word_1_13' title='bbox 1752 672 1977 782; x_wconf 89' lang='lat' dir='ltr'><strong>Viti,</strong></span> <span class='ocrx_word' id='word_1_14' title='bbox 2041 697 2126 760; x_wconf 91' lang='lat' dir='ltr'><strong>et</strong></span> <span class='ocrx_word' id='word_1_15' title='bbox 2176 670 2532 764; x_wconf 84' lang='lat' dir='ltr'>Modesti</span> <span class='ocrx_word' id='word_1_16' title='bbox 2589 676 2667 761; x_wconf 93' lang='lat' dir='ltr'><strong>S.</strong></span> <span class='ocrx_word' id='word_1_17' title='bbox 2724 674 2821 762; x_wconf 85' lang='lat' dir='ltr'><strong>R.</strong></span> <span class='ocrx_word' id='word_1_18' title='bbox 2852 673 2958 760; x_wconf 84' lang='lat' dir='ltr'><strong>E.</strong></span> <span class='ocrx_word' id='word_1_19' title='bbox 2992 673 3422 763; x_wconf 87' lang='lat' dir='ltr'><strong>Diaconus</strong></span> <span class='ocrx_word' id='word_1_20' title='bbox 3470 669 3721 760; x_wconf 85' lang='lat' dir='ltr'><strong>Card.</strong></span> <span class='ocrx_word' id='word_1_21' title='bbox 3763 670 4209 760; x_wconf 74' lang='lat' dir='ltr'><strong>oliverius.</strong></span> <span class='ocrx_word' id='word_1_22' title='bbox 4305 687 4322 708; x_wconf 86' lang='grc'><strong>“·</strong></span> 
     </span>
     <span class='ocr_line' id='line_1_6' title="bbox 1514 790 4412 894; baseline 0 -17"><span class='ocrx_word' id='word_1_23' title='bbox 1514 856 1569 894; x_wconf 32' lang='grc' dir='ltr'><strong>,ι</strong></span> <span class='ocrx_word' id='word_1_24' title='bbox 1589 790 1673 888; x_wconf 88' lang='lat' dir='ltr'><strong>S..</strong></span> <span class='ocrx_word' id='word_1_25' title='bbox 1702 794 2015 888; x_wconf 87' lang='lat' dir='ltr'><strong>Mariae</strong></span> <span class='ocrx_word' id='word_1_26' title='bbox 2063 798 2147 881; x_wconf 90' lang='lat' dir='ltr'><strong>in</strong></span> <span class='ocrx_word' id='word_1_27' title='bbox 2203 794 2650 888; x_wconf 77' lang='lat' dir='ltr'><strong>Cosmedin&#39;</strong></span> <span class='ocrx_word' id='word_1_28' title='bbox 2695 799 2791 885; x_wconf 80' lang='lat' dir='ltr'><strong>S.</strong></span> <span class='ocrx_word' id='word_1_29' title='bbox 2831 796 2929 886; x_wconf 72' lang='lat' dir='ltr'><strong>R.</strong></span> <span class='ocrx_word' id='word_1_30' title='bbox 2966 799 3078 885; x_wconf 90' lang='lat' dir='ltr'><strong>E.</strong></span> <span class='ocrx_word' id='word_1_31' title='bbox 3127 796 3557 885; x_wconf 88' lang='lat' dir='ltr'><strong>Diaconus</strong></span> <span class='ocrx_word' id='word_1_32' title='bbox 3607 791 3858 881; x_wconf 87' lang='lat' dir='ltr'><strong>Card.</strong></span> <span class='ocrx_word' id='word_1_33' title='bbox 3913 792 4318 881; x_wconf 83' lang='lat' dir='ltr'><strong>Albanus.</strong></span> <span class='ocrx_word' id='word_1_34' title='bbox 4405 850 4412 858; x_wconf 89' lang='lat'><em>-</em></span> 
     </span>
     <span class='ocr_line' id='line_1_7' title="bbox 1512 911 4279 1006; baseline 0 -10"><span class='ocrx_word' id='word_1_35' title='bbox 1512 975 1533 997; x_wconf 93' lang='lat'><strong>.</strong></span> <span class='ocrx_word' id='word_1_36' title='bbox 1605 913 1684 998; x_wconf 90' lang='lat' dir='ltr'><strong>S.</strong></span> <span class='ocrx_word' id='word_1_37' title='bbox 1739 914 2050 1005; x_wconf 90' lang='lat' dir='ltr'><strong>Mariae</strong></span> <span class='ocrx_word' id='word_1_38' title='bbox 2100 913 2207 1002; x_wconf 91' lang='lat' dir='ltr'><strong>de</strong></span> <span class='ocrx_word' id='word_1_39' title='bbox 2258 918 2489 1004; x_wconf 87' lang='lat' dir='ltr'><strong>Scala</strong></span> <span class='ocrx_word' id='word_1_40' title='bbox 2547 921 2625 1005; x_wconf 91' lang='lat' dir='ltr'><strong>S.</strong></span> <span class='ocrx_word' id='word_1_41' title='bbox 2667 917 2762 1005; x_wconf 88' lang='lat' dir='ltr'><strong>R.</strong></span> <span class='ocrx_word' id='word_1_42' title='bbox 2796 918 2897 1004; x_wconf 90' lang='lat' dir='ltr'><strong>E.</strong></span> <span class='ocrx_word' id='word_1_43' title='bbox 2934 919 3360 1006; x_wconf 87' lang='lat' dir='ltr'><strong>Diaconus</strong></span> <span class='ocrx_word' id='word_1_44' title='bbox 3410 911 3664 1002; x_wconf 86' lang='lat' dir='ltr'><strong>Card.</strong></span> <span class='ocrx_word' id='word_1_45' title='bbox 3716 915 4279 1001; x_wconf 90' lang='lat' dir='ltr'><strong>Falconerius.</strong></span> 
     </span>
     <span class='ocr_line' id='line_1_8' title="bbox 1494 1029 4402 1155; baseline 0 -36"><span class='ocrx_word' id='word_1_46' title='bbox 1494 1034 1806 1123; x_wconf 89' lang='lat' dir='ltr'><strong>icolaus</strong></span> <span class='ocrx_word' id='word_1_47' title='bbox 1858 1036 1937 1121; x_wconf 91' lang='lat' dir='ltr'><strong>S.</strong></span> <span class='ocrx_word' id='word_1_48' title='bbox 1983 1036 2296 1125; x_wconf 89' lang='lat' dir='ltr'><strong>Mariae</strong></span> <span class='ocrx_word' id='word_1_49' title='bbox 2347 1036 2454 1125; x_wconf 90' lang='lat' dir='ltr'><strong>ad</strong></span> <span class='ocrx_word' id='word_1_50' title='bbox 2503 1042 2911 1155; x_wconf 83' lang='lat' dir='ltr'><strong>Martyres</strong></span> <span class='ocrx_word' id='word_1_51' title='bbox 2941 1041 3025 1133; x_wconf 76' lang='lat' dir='ltr'><strong>S.</strong></span> <span class='ocrx_word' id='word_1_52' title='bbox 3049 1038 3154 1148; x_wconf 74' lang='lat' dir='ltr'><strong>R.</strong></span> <span class='ocrx_word' id='word_1_53' title='bbox 3178 1038 3283 1123; x_wconf 91' lang='lat' dir='ltr'><strong>E.</strong></span> <span class='ocrx_word' id='word_1_54' title='bbox 3317 1036 3747 1124; x_wconf 89' lang='lat' dir='ltr'><strong>Diaconus</strong></span> <span class='ocrx_word' id='word_1_55' title='bbox 3794 1030 4045 1121; x_wconf 90' lang='lat' dir='ltr'><strong>Card.</strong></span> <span class='ocrx_word' id='word_1_56' title='bbox 4073 1032 4126 1120; x_wconf 84' lang='lat' dir='ltr'>J</span> <span class='ocrx_word' id='word_1_57' title='bbox 4132 1029 4402 1122; x_wconf 83' lang='lat' dir='ltr'><strong>udice.</strong></span> 
     </span>
     <span class='ocr_line' id='line_1_9' title="bbox 1509 1151 4417 1249; baseline 0.002 -10"><span class='ocrx_word' id='word_1_58' title='bbox 1509 1218 1529 1239; x_wconf 96' lang='lat'><strong>.</strong></span> <span class='ocrx_word' id='word_1_59' title='bbox 1583 1156 1666 1241; x_wconf 92' lang='lat' dir='ltr'><strong>S.</strong></span> <span class='ocrx_word' id='word_1_60' title='bbox 1721 1151 2043 1246; x_wconf 85' lang='lat' dir='ltr'><strong>Nicolai</strong></span> <span class='ocrx_word' id='word_1_61' title='bbox 2112 1162 2196 1244; x_wconf 90' lang='lat' dir='ltr'><strong>in</strong></span> <span class='ocrx_word' id='word_1_62' title='bbox 2252 1156 2609 1249; x_wconf 89' lang='lat' dir='ltr'><strong>Carcere</strong></span> <span class='ocrx_word' id='word_1_63' title='bbox 2660 1161 2742 1247; x_wconf 87' lang='lat' dir='ltr'><strong>S.</strong></span> <span class='ocrx_word' id='word_1_64' title='bbox 2797 1161 2896 1246; x_wconf 91' lang='lat' dir='ltr'><strong>R.</strong></span> <span class='ocrx_word' id='word_1_65' title='bbox 2936 1161 3038 1246; x_wconf 93' lang='lat' dir='ltr'><strong>E.</strong></span> <span class='ocrx_word' id='word_1_66' title='bbox 3087 1160 3521 1245; x_wconf 89' lang='lat' dir='ltr'><strong>Diaconus</strong></span> <span class='ocrx_word' id='word_1_67' title='bbox 3572 1155 3821 1244; x_wconf 86' lang='lat' dir='ltr'><strong>Card.</strong></span> <span class='ocrx_word' id='word_1_68' title='bbox 3858 1153 4417 1246; x_wconf 55' lang='lat' dir='ltr'><strong>macharius:</strong></span> 
     </span>
    </p>
   </div>
   <div class='ocr_carea' id='block_1_4' title="bbox 1424 1267 4159 1374">
    <p class='ocr_par' dir='ltr' id='par_1_5' title="bbox 1424 1267 4159 1374">
     <span class='ocr_line' id='line_1_10' title="bbox 1424 1267 4159 1374; baseline 0 -12"><span class='ocrx_word' id='word_1_69' title='bbox 1424 1276 1728 1374; x_wconf 78' lang='lat' dir='ltr'><strong>Nerius</strong></span> <span class='ocrx_word' id='word_1_70' title='bbox 1779 1284 1860 1369; x_wconf 88' lang='lat' dir='ltr'><strong>S.</strong></span> <span class='ocrx_word' id='word_1_71' title='bbox 1899 1277 2243 1368; x_wconf 88' lang='lat' dir='ltr'><strong>Adriani</strong></span> <span class='ocrx_word' id='word_1_72' title='bbox 2300 1282 2382 1368; x_wconf 91' lang='lat' dir='ltr'><strong>S.</strong></span> <span class='ocrx_word' id='word_1_73' title='bbox 2438 1280 2534 1365; x_wconf 90' lang='lat' dir='ltr'><strong>R.</strong></span> <span class='ocrx_word' id='word_1_74' title='bbox 2575 1282 2698 1367; x_wconf 65' lang='lat' dir='ltr'><strong>E.</strong></span> <span class='ocrx_word' id='word_1_75' title='bbox 2729 1267 3158 1368; x_wconf 79' lang='lat' dir='ltr'><strong>Diaconus</strong></span> <span class='ocrx_word' id='word_1_76' title='bbox 3207 1276 3675 1366; x_wconf 86' lang='lat' dir='ltr'><strong>Cardinalis</strong></span> <span class='ocrx_word' id='word_1_77' title='bbox 3726 1275 4159 1364; x_wconf 86' lang='lat' dir='ltr'><strong>Corsinus.</strong></span> 
     </span>
    </p>
   </div>
   <div class='ocr_carea' id='block_1_5' title="bbox 1426 1396 4290 1615">
    <p class='ocr_par' dir='ltr' id='par_1_6' title="bbox 1426 1396 4290 1615">
     <span class='ocr_line' id='line_1_11' title="bbox 1442 1396 4290 1515; baseline 0 -33"><span class='ocrx_word' id='word_1_78' title='bbox 1442 1397 1537 1482; x_wconf 92' lang='lat' dir='ltr'><strong>B.</strong></span> <span class='ocrx_word' id='word_1_79' title='bbox 1580 1401 1723 1488; x_wconf 90' lang='lat' dir='ltr'><strong>SS.</strong></span> <span class='ocrx_word' id='word_1_80' title='bbox 1777 1398 2127 1488; x_wconf 89' lang='lat' dir='ltr'><strong>Cosmae</strong></span> <span class='ocrx_word' id='word_1_81' title='bbox 2157 1464 2181 1509; x_wconf 87' lang='lat'>,</span> <span class='ocrx_word' id='word_1_82' title='bbox 2233 1425 2318 1490; x_wconf 90' lang='lat' dir='ltr'><strong>et</strong></span> <span class='ocrx_word' id='word_1_83' title='bbox 2361 1404 2757 1492; x_wconf 85' lang='lat' dir='ltr'><strong>Damiani</strong></span> <span class='ocrx_word' id='word_1_84' title='bbox 2809 1402 3098 1491; x_wconf 83' lang='lat' dir='ltr'><strong>S.R.E.</strong></span> <span class='ocrx_word' id='word_1_85' title='bbox 3142 1401 3569 1489; x_wconf 86' lang='lat' dir='ltr'><strong>Diaconus</strong></span> <span class='ocrx_word' id='word_1_86' title='bbox 3606 1396 3854 1486; x_wconf 85' lang='lat' dir='ltr'><strong>Card.</strong></span> <span class='ocrx_word' id='word_1_87' title='bbox 3918 1397 4290 1515; x_wconf 87' lang='lat' dir='ltr'><strong>Ruspoli.</strong></span> 
     </span>
     <span class='ocr_line' id='line_1_12' title="bbox 1426 1518 4024 1615; baseline -0.005 -6"><span class='ocrx_word' id='word_1_88' title='bbox 1426 1577 1437 1592; x_wconf 56' lang='grc' dir='ltr'><em>ι</em></span> <span class='ocrx_word' id='word_1_89' title='bbox 1518 1518 1929 1615; x_wconf 72' lang='grc' dir='ltr'><strong>Α.,Οειι·ἆ.</strong></span> <span class='ocrx_word' id='word_1_90' title='bbox 1993 1520 2549 1611; x_wconf 88' lang='lat' dir='ltr'><strong>Prodatarius.</strong></span> <span class='ocrx_word' id='word_1_91' title='bbox 2667 1536 2672 1544; x_wconf 67' lang='lat'><strong>⁴</strong></span> <span class='ocrx_word' id='word_1_92' title='bbox 2943 1529 2954 1602; x_wconf 76' lang='grc' dir='ltr'>ζ</span> <span class='ocrx_word' id='word_1_93' title='bbox 4017 1583 4024 1590; x_wconf 96' lang='grc'><strong>.</strong></span> 
     </span>
    </p>
   </div>
   <div class='ocr_carea' id='block_1_6' title="bbox 1382 1627 4400 1994">
    <p class='ocr_par' dir='ltr' id='par_1_7' title="bbox 1382 1627 4400 1994">
     <span class='ocr_line' id='line_1_13' title="bbox 1514 1627 3488 1732; baseline 0.001 -5"><span class='ocrx_word' id='word_1_94' title='bbox 1514 1627 2136 1732; x_wconf 58' lang='grc' dir='ltr'><strong>Ἑ.Ὀει·(1ἰηει1ἰε</strong></span> <span class='ocrx_word' id='word_1_95' title='bbox 2201 1644 2646 1732; x_wconf 87' lang='lat' dir='ltr'><strong>Oliverius.</strong></span> <span class='ocrx_word' id='word_1_96' title='bbox 3137 1711 3142 1718; x_wconf 90' lang='lat'><strong>.</strong></span> <span class='ocrx_word' id='word_1_97' title='bbox 3481 1712 3488 1716; x_wconf 86' lang='lat'><strong>.</strong></span> 
     </span>
     <span class='ocr_line' id='line_1_14' title="bbox 1382 1761 3562 1884; baseline 0.001 -34"><span class='ocrx_word' id='word_1_98' title='bbox 1382 1761 1622 1861; x_wconf 79' lang='lat' dir='ltr'><strong>’Visa</strong></span> <span class='ocrx_word' id='word_1_99' title='bbox 1661 1761 1795 1855; x_wconf 88' lang='lat' dir='ltr'><strong>De</strong></span> <span class='ocrx_word' id='word_1_100' title='bbox 1842 1765 2102 1855; x_wconf 91' lang='lat' dir='ltr'><strong>Curia</strong></span> <span class='ocrx_word' id='word_1_101' title='bbox 2149 1764 2228 1852; x_wconf 85' lang='lat' dir='ltr'><strong>J.</strong></span> <span class='ocrx_word' id='word_1_102' title='bbox 2266 1763 2971 1884; x_wconf 86' lang='lat' dir='ltr'><strong>Archiepiscopus</strong></span> <span class='ocrx_word' id='word_1_103' title='bbox 3031 1768 3562 1882; x_wconf 80' lang='lat' dir='ltr'><strong>Ancyranus.</strong></span> 
     </span>
     <span class='ocr_line' id='line_1_15' title="bbox 3572 1879 4400 1994; baseline -0.005 -27"><span class='ocrx_word' id='word_1_104' title='bbox 3572 1881 3679 1970; x_wconf 90' lang='lat' dir='ltr'><strong>L.</strong></span> <span class='ocrx_word' id='word_1_105' title='bbox 3736 1879 4296 1970; x_wconf 69' lang='lat' dir='ltr'><strong>Martinettus.</strong></span> <span class='ocrx_word' id='word_1_106' title='bbox 4397 1987 4400 1994; x_wconf 28' lang='grc' dir='ltr'>Ι</span> 
     </span>
    </p>
   </div>
   <div class='ocr_carea' id='block_1_7' title="bbox 1162 546 1321 662">
    <p class='ocr_par' dir='ltr' id='par_1_8' title="bbox 1162 546 1321 662">
     <span class='ocr_line' id='line_1_16' title="bbox 1162 546 1321 662; textangle 90"><span class='ocrx_word' id='word_1_107' title='bbox 1162 546 1321 662; x_wconf 61' lang='grc' dir='ltr'><strong>«ξ’</strong></span> 
     </span>
    </p>
   </div>
   <div class='ocr_carea' id='block_1_8' title="bbox 1192 547 1507 1388">
    <p class='ocr_par' dir='ltr' id='par_1_9' title="bbox 1192 547 1507 1388">
     <span class='ocr_line' id='line_1_17' title="bbox 1192 577 1382 1388; textangle 90"><span class='ocrx_word' id='word_1_108' title='bbox 1192 577 1382 1388; x_wconf 53' lang='grc' dir='ltr'><strong>ξἛἙἯἛἛῸ</strong></span> 
     </span>
     <span class='ocr_line' id='line_1_18' title="bbox 1411 547 1507 1239; textangle 90"><span class='ocrx_word' id='word_1_109' title='bbox 1411 547 1507 1239; x_wconf 56' lang='lat' dir='ltr'><strong>&gt;2»m0</strong></span> 
     </span>
    </p>
   </div>
   <div class='ocr_carea' id='block_1_9' title="bbox 1072 1382 1081 1389">
    <p class='ocr_par' dir='ltr' id='par_1_10' title="bbox 1072 1382 1081 1389">
     <span class='ocr_line' id='line_1_19' title="bbox 1072 1382 1081 1389; baseline 0 0"><span class='ocrx_word' id='word_1_110' title='bbox 1072 1382 1081 1389; x_wconf 60' lang='grc' dir='ltr'><strong>ι</strong></span> 
     </span>
    </p>
   </div>
   <div class='ocr_carea' id='block_1_10' title="bbox 1198 1395 1381 1510">
    <p class='ocr_par' dir='ltr' id='par_1_11' title="bbox 1198 1395 1381 1510">
     <span class='ocr_line' id='line_1_20' title="bbox 1198 1395 1381 1510; textangle 90"><span class='ocrx_word' id='word_1_111' title='bbox 1198 1395 1381 1510; x_wconf 65' lang='lat'><strong>050?</strong></span> 
     </span>
    </p>
   </div>
   <div class='ocr_carea' id='block_1_11' title="bbox 1218 2005 4237 2370">
    <p class='ocr_par' dir='ltr' id='par_1_12' title="bbox 1218 2005 4237 2370">
     <span class='ocr_line' id='line_1_21' title="bbox 1396 2005 3033 2124; baseline 0.002 -33"><span class='ocrx_word' id='word_1_112' title='bbox 1396 2005 1883 2124; x_wconf 79' lang='lat' dir='ltr'><strong>Registrata</strong></span> <span class='ocrx_word' id='word_1_113' title='bbox 1932 2014 2024 2094; x_wconf 81' lang='lat' dir='ltr'><strong>in</strong></span> <span class='ocrx_word' id='word_1_114' title='bbox 2071 2009 2550 2098; x_wconf 75' lang='lat' dir='ltr'><strong>Secretaria</strong></span> <span class='ocrx_word' id='word_1_115' title='bbox 2600 2009 3033 2096; x_wconf 75' lang='lat' dir='ltr'><strong>Brevium.</strong></span> 
     </span>
     <span class='ocr_line' id='line_1_22' title="bbox 1218 2239 4237 2370; baseline -0.001 -43"><span class='ocrx_word' id='word_1_116' title='bbox 1218 2239 1603 2356; x_wconf 80' lang='lat' dir='ltr'><em>Epistola</em></span> <span class='ocrx_word' id='word_1_117' title='bbox 1651 2251 2097 2370; x_wconf 72' lang='lat' dir='ltr'><strong>Ponttficis</strong></span> <span class='ocrx_word' id='word_1_118' title='bbox 2146 2250 2266 2337; x_wconf 86' lang='lat' dir='ltr'><strong>ad</strong></span> <span class='ocrx_word' id='word_1_119' title='bbox 2306 2250 2799 2370; x_wconf 80' lang='lat' dir='ltr'><strong>Augustum</strong></span> <span class='ocrx_word' id='word_1_120' title='bbox 2850 2248 3263 2340; x_wconf 78' lang='lat' dir='ltr'><strong>Polom&#39;ae</strong></span> <span class='ocrx_word' id='word_1_121' title='bbox 3307 2248 3621 2368; x_wconf 79' lang='lat' dir='ltr'><strong>Regem</strong></span> <span class='ocrx_word' id='word_1_122' title='bbox 3651 2243 3761 2332; x_wconf 84' lang='lat' dir='ltr'><strong>de</strong></span> <span class='ocrx_word' id='word_1_123' title='bbox 3790 2242 4086 2333; x_wconf 80' lang='lat' dir='ltr'><strong>eadem</strong></span> <span class='ocrx_word' id='word_1_124' title='bbox 4117 2272 4237 2324; x_wconf 83' lang='lat' dir='ltr'><strong>re.</strong></span> 
     </span>
    </p>
   </div>
   <div class='ocr_carea' id='block_1_12' title="bbox 1890 2487 3573 2580">
    <p class='ocr_par' dir='ltr' id='par_1_13' title="bbox 1890 2487 3573 2580">
     <span class='ocr_line' id='line_1_23' title="bbox 1890 2487 3573 2580; baseline -0.001 -4"><span class='ocrx_word' id='word_1_125' title='bbox 1890 2494 2353 2580; x_wconf 77' lang='lat' dir='ltr'><em>Carissimo</em></span> <span class='ocrx_word' id='word_1_126' title='bbox 2414 2496 2508 2576; x_wconf 83' lang='lat' dir='ltr'><strong>in</strong></span> <span class='ocrx_word' id='word_1_127' title='bbox 2591 2493 2930 2579; x_wconf 77' lang='lat' dir='ltr'><strong>Christo</strong></span> <span class='ocrx_word' id='word_1_128' title='bbox 2985 2489 3214 2577; x_wconf 81' lang='lat' dir='ltr'><strong>Filio</strong></span> <span class='ocrx_word' id='word_1_129' title='bbox 3258 2487 3573 2578; x_wconf 81' lang='lat' dir='ltr'><strong>Nostro</strong></span> 
     </span>
    </p>
   </div>
   <div class='ocr_carea' id='block_1_13' title="bbox 1570 2727 3905 3074">
    <p class='ocr_par' dir='ltr' id='par_1_14' title="bbox 1570 2727 3905 3074">
     <span class='ocr_line' id='line_1_24' title="bbox 1635 2727 3828 2841; baseline -0.001 -24"><span class='ocrx_word' id='word_1_130' title='bbox 1635 2729 2203 2820; x_wconf 80' lang='lat' dir='ltr'><strong>AUGUSTO</strong></span> <span class='ocrx_word' id='word_1_131' title='bbox 2264 2729 2876 2819; x_wconf 85' lang='lat' dir='ltr'><strong>POLONIAE</strong></span> <span class='ocrx_word' id='word_1_132' title='bbox 2937 2729 3220 2819; x_wconf 79' lang='lat' dir='ltr'><strong>REcl</strong></span> <span class='ocrx_word' id='word_1_133' title='bbox 3281 2727 3828 2841; x_wconf 81' lang='lat' dir='ltr'>ILLUSTRI</span> 
     </span>
     <span class='ocr_line' id='line_1_25' title="bbox 1570 2950 3905 3074; baseline -0.003 -7"><span class='ocrx_word' id='word_1_134' title='bbox 1570 2952 2700 3074; x_wconf 49' lang='lat' dir='ltr'><strong>‹SleMlsNs</strong></span> <span class='ocrx_word' id='word_1_135' title='bbox 2829 2950 3905 3071; x_wconf 47' lang='lat' dir='ltr'><strong>PAnPA.XIL</strong></span> 
     </span>
    </p>
   </div>
   <div class='ocr_carea' id='block_1_14' title="bbox 1048 3122 4484 5762">
    <p class='ocr_par' dir='ltr' id='par_1_15' title="bbox 1048 3122 4484 5762">
     <span class='ocr_line' id='line_1_26' title="bbox 1181 3122 4436 3330; baseline -0.001 -24"><span class='ocrx_word' id='word_1_136' title='bbox 1181 3122 1714 3306; x_wconf 81' lang='lat' dir='ltr'><strong>Carissimo</strong></span> <span class='ocrx_word' id='word_1_137' title='bbox 1773 3219 1861 3306; x_wconf 88' lang='lat' dir='ltr'><strong>in</strong></span> <span class='ocrx_word' id='word_1_138' title='bbox 1915 3216 2253 3307; x_wconf 90' lang='lat' dir='ltr'><strong>Christo</strong></span> <span class='ocrx_word' id='word_1_139' title='bbox 2303 3218 2466 3305; x_wconf 89' lang='lat' dir='ltr'><strong>Fi-li</strong></span> <span class='ocrx_word' id='word_1_140' title='bbox 2519 3220 2821 3307; x_wconf 84' lang='lat' dir='ltr'>Noster</span> <span class='ocrx_word' id='word_1_141' title='bbox 2867 3217 3215 3308; x_wconf 84' lang='lat' dir='ltr'><strong>salntem</strong></span> <span class='ocrx_word' id='word_1_142' title='bbox 3268 3241 3428 3306; x_wconf 92' lang='lat' dir='ltr'><strong>etc.</strong></span> <span class='ocrx_word' id='word_1_143' title='bbox 3489 3217 3614 3306; x_wconf 90' lang='lat' dir='ltr'><strong>Ut</strong></span> <span class='ocrx_word' id='word_1_144' title='bbox 3674 3215 3952 3304; x_wconf 81' lang='lat' dir='ltr'>Nostri</span> <span class='ocrx_word' id='word_1_145' title='bbox 4005 3214 4436 3330; x_wconf 88' lang='lat' dir='ltr'><strong>Apostola-</strong></span> 
     </span>
     <span class='ocr_line' id='line_1_27' title="bbox 1048 3335 4430 3456; baseline 0.001 -35"><span class='ocrx_word' id='word_1_146' title='bbox 1048 3356 1184 3422; x_wconf 87' lang='lat' dir='ltr'><strong>tus</strong></span> <span class='ocrx_word' id='word_1_147' title='bbox 1244 3335 1536 3425; x_wconf 91' lang='lat' dir='ltr'><strong>studiis</strong></span> <span class='ocrx_word' id='word_1_148' title='bbox 1600 3336 1704 3426; x_wconf 91' lang='lat' dir='ltr'><strong>ad</strong></span> <span class='ocrx_word' id='word_1_149' title='bbox 1753 3338 2361 3455; x_wconf 81' lang='lat' dir='ltr'>procurandam</span> <span class='ocrx_word' id='word_1_150' title='bbox 2419 3346 2879 3429; x_wconf 89' lang='lat' dir='ltr'><strong>animarum</strong></span> <span class='ocrx_word' id='word_1_151' title='bbox 2931 3343 3287 3428; x_wconf 90' lang='lat' dir='ltr'><strong>salutem</strong></span> <span class='ocrx_word' id='word_1_152' title='bbox 3347 3340 3653 3456; x_wconf 87' lang='lat' dir='ltr'><strong>jugiter</strong></span> <span class='ocrx_word' id='word_1_153' title='bbox 3704 3337 4050 3423; x_wconf 90' lang='lat' dir='ltr'><strong>intentis</strong></span> <span class='ocrx_word' id='word_1_154' title='bbox 4097 3360 4430 3450; x_wconf 88' lang='lat' dir='ltr'><strong>paterna</strong></span> 
     </span>
     <span class='ocr_line' id='line_1_28' title="bbox 1050 3454 4436 3576; baseline -0 -33"><span class='ocrx_word' id='word_1_155' title='bbox 1050 3454 1447 3548; x_wconf 82' lang='lat' dir='ltr'><strong>charitate</strong></span> <span class='ocrx_word' id='word_1_156' title='bbox 1507 3491 1604 3549; x_wconf 89' lang='lat' dir='ltr'><strong>ac</strong></span> <span class='ocrx_word' id='word_1_157' title='bbox 1661 3464 1839 3576; x_wconf 86' lang='lat' dir='ltr'><strong>pari</strong></span> <span class='ocrx_word' id='word_1_158' title='bbox 1898 3459 2465 3549; x_wconf 90' lang='lat' dir='ltr'><strong>sollicitudine</strong></span> <span class='ocrx_word' id='word_1_159' title='bbox 2516 3458 3276 3550; x_wconf 83' lang='lat' dir='ltr'><strong>obsecundaremus</strong></span> <span class='ocrx_word' id='word_1_160' title='bbox 3309 3517 3357 3568; x_wconf 87' lang='lat'><strong>-,</strong></span> <span class='ocrx_word' id='word_1_161' title='bbox 3424 3456 3629 3576; x_wconf 89' lang='lat' dir='ltr'><strong>quid</strong></span> <span class='ocrx_word' id='word_1_162' title='bbox 3678 3454 4196 3573; x_wconf 86' lang='lat' dir='ltr'><strong>providentia</strong></span> <span class='ocrx_word' id='word_1_163' title='bbox 4246 3456 4436 3542; x_wconf 89' lang='lat' dir='ltr'><strong>No-</strong></span> 
     </span>
     <span class='ocr_line' id='line_1_29' title="bbox 1048 3575 4430 3700; baseline 0 -37"><span class='ocrx_word' id='word_1_164' title='bbox 1048 3599 1210 3664; x_wconf 86' lang='lat' dir='ltr'><strong>stra</strong></span> <span class='ocrx_word' id='word_1_165' title='bbox 1262 3585 1715 3698; x_wconf 80' lang='lat' dir='ltr'>susceperit</span> <span class='ocrx_word' id='word_1_166' title='bbox 1775 3612 1872 3668; x_wconf 89' lang='lat' dir='ltr'><strong>ac</strong></span> <span class='ocrx_word' id='word_1_167' title='bbox 1921 3580 2441 3687; x_wconf 86' lang='lat' dir='ltr'><strong>decreverit,</strong></span> <span class='ocrx_word' id='word_1_168' title='bbox 2491 3585 2897 3696; x_wconf 83' lang='lat' dir='ltr'><strong>intelliget</strong></span> <span class='ocrx_word' id='word_1_169' title='bbox 2944 3584 3330 3700; x_wconf 83' lang='lat' dir='ltr'><strong>Majestas</strong></span> <span class='ocrx_word' id='word_1_170' title='bbox 3367 3581 3550 3666; x_wconf 84' lang='lat' dir='ltr'><strong>Tua</strong></span> <span class='ocrx_word' id='word_1_171' title='bbox 3603 3601 3771 3664; x_wconf 87' lang='lat' dir='ltr'><strong>tam</strong></span> <span class='ocrx_word' id='word_1_172' title='bbox 3825 3609 3922 3664; x_wconf 84' lang='lat' dir='ltr'><strong>ex</strong></span> <span class='ocrx_word' id='word_1_173' title='bbox 3974 3580 4176 3664; x_wconf 89' lang='lat' dir='ltr'><strong>actis</strong></span> <span class='ocrx_word' id='word_1_174' title='bbox 4209 3575 4430 3665; x_wconf 88' lang='lat' dir='ltr'><strong>Con-</strong></span> 
     </span>
     <span class='ocr_line' id='line_1_30' title="bbox 1050 3697 4425 3822; baseline 0.001 -40"><span class='ocrx_word' id='word_1_175' title='bbox 1050 3698 1595 3788; x_wconf 87' lang='lat' dir='ltr'><strong>sistorialibus</strong></span> <span class='ocrx_word' id='word_1_176' title='bbox 1628 3766 1655 3810; x_wconf 85' lang='lat'>‚</span> <span class='ocrx_word' id='word_1_177' title='bbox 1721 3735 1973 3822; x_wconf 90' lang='lat' dir='ltr'><strong>quam</strong></span> <span class='ocrx_word' id='word_1_178' title='bbox 2058 3704 2721 3819; x_wconf 83' lang='lat' dir='ltr'><strong>ex-Apostolicis</strong></span> <span class='ocrx_word' id='word_1_179' title='bbox 2754 3768 2780 3810; x_wconf 90' lang='lat'><strong>,</strong></span> <span class='ocrx_word' id='word_1_180' title='bbox 2859 3734 3063 3822; x_wconf 90' lang='lat' dir='ltr'><strong>quas</strong></span> <span class='ocrx_word' id='word_1_181' title='bbox 3111 3697 3585 3806; x_wconf 85' lang='lat' dir='ltr'><strong>dedimus,</strong></span> <span class='ocrx_word' id='word_1_182' title='bbox 3649 3699 3954 3786; x_wconf 86' lang='lat' dir='ltr'><strong>Literis</strong></span> <span class='ocrx_word' id='word_1_183' title='bbox 3986 3762 4012 3804; x_wconf 89' lang='lat'><strong>,</strong></span> <span class='ocrx_word' id='word_1_184' title='bbox 4070 3731 4425 3816; x_wconf 87' lang='lat' dir='ltr'><strong>quarum</strong></span> 
     </span>
     <span class='ocr_line' id='line_1_31' title="bbox 1053 3819 4484 3936; baseline -0 -31"><span class='ocrx_word' id='word_1_185' title='bbox 1053 3822 1425 3936; x_wconf 87' lang='lat' dir='ltr'><strong>exempla</strong></span> <span class='ocrx_word' id='word_1_186' title='bbox 1477 3819 1584 3908; x_wconf 92' lang='lat' dir='ltr'><strong>ad</strong></span> <span class='ocrx_word' id='word_1_187' title='bbox 1633 3823 1760 3910; x_wconf 89' lang='lat' dir='ltr'><strong>Te</strong></span> <span class='ocrx_word' id='word_1_188' title='bbox 1809 3821 2177 3911; x_wconf 89' lang='lat' dir='ltr'><strong>curanda</strong></span> <span class='ocrx_word' id='word_1_189' title='bbox 2231 3822 2836 3915; x_wconf 86' lang='lat' dir='ltr'><strong>mandavimus.</strong></span> <span class='ocrx_word' id='word_1_190' title='bbox 2875 3824 3131 3910; x_wconf 92' lang='lat' dir='ltr'><strong>Porro</strong></span> <span class='ocrx_word' id='word_1_191' title='bbox 3160 3821 3263 3909; x_wconf 92' lang='lat' dir='ltr'><strong>ad</strong></span> <span class='ocrx_word' id='word_1_192' title='bbox 3315 3854 3496 3910; x_wconf 89' lang='lat' dir='ltr'><strong>eam</strong></span> <span class='ocrx_word' id='word_1_193' title='bbox 3551 3852 3725 3908; x_wconf 91' lang='lat' dir='ltr'><strong>rem</strong></span> <span class='ocrx_word' id='word_1_194' title='bbox 3776 3821 4123 3907; x_wconf 87' lang='lat' dir='ltr'><strong>alacrius</strong></span> <span class='ocrx_word' id='word_1_195' title='bbox 4159 3850 4432 3932; x_wconf 87' lang='lat' dir='ltr'><strong>capes·</strong></span> <span class='ocrx_word' id='word_1_196' title='bbox 4475 3883 4484 3892; x_wconf 84' lang='grc'><strong>.</strong></span> 
     </span>
     <span class='ocr_line' id='line_1_32' title="bbox 1053 3937 4423 4057; baseline 0.001 -33"><span class='ocrx_word' id='word_1_197' title='bbox 1053 3937 1399 4028; x_wconf 86' lang='lat' dir='ltr'><strong>sendam</strong></span> <span class='ocrx_word' id='word_1_198' title='bbox 1447 3972 1842 4057; x_wconf 89' lang='lat' dir='ltr'><strong>magnum</strong></span> <span class='ocrx_word' id='word_1_199' title='bbox 1896 3968 2412 4034; x_wconf 84' lang='lat' dir='ltr'><strong>momentum</strong></span> <span class='ocrx_word' id='word_1_200' title='bbox 2477 3949 2816 4033; x_wconf 86' lang='lat' dir='ltr'><strong>accessit</strong></span> <span class='ocrx_word' id='word_1_201' title='bbox 2890 3975 2988 4032; x_wconf 86' lang='lat' dir='ltr'><strong>ex</strong></span> <span class='ocrx_word' id='word_1_202' title='bbox 3062 3944 3454 4055; x_wconf 83' lang='lat' dir='ltr'><strong>singulari</strong></span> <span class='ocrx_word' id='word_1_203' title='bbox 3521 3938 3885 4046; x_wconf 87' lang='lat' dir='ltr'><strong>fiducia,</strong></span> <span class='ocrx_word' id='word_1_204' title='bbox 3951 3972 4163 4057; x_wconf 88' lang='lat' dir='ltr'><strong>quae</strong></span> <span class='ocrx_word' id='word_1_205' title='bbox 4245 3937 4423 4026; x_wconf 88' lang='lat' dir='ltr'><strong>fore</strong></span> 
     </span>
     <span class='ocr_line' id='line_1_33' title="bbox 1052 4057 4438 4186; baseline 0 -41"><span class='ocrx_word' id='word_1_206' title='bbox 1052 4063 1350 4176; x_wconf 90' lang='lat' dir='ltr'><strong>procul</strong></span> <span class='ocrx_word' id='word_1_207' title='bbox 1403 4060 1665 4152; x_wconf 90' lang='lat' dir='ltr'><strong>dubio</strong></span> <span class='ocrx_word' id='word_1_208' title='bbox 1714 4069 2169 4183; x_wconf 76' lang='lat' dir='ltr'><strong>persuasit,</strong></span> <span class='ocrx_word' id='word_1_209' title='bbox 2234 4091 2330 4153; x_wconf 88' lang='lat' dir='ltr'><strong>ut</strong></span> <span class='ocrx_word' id='word_1_210' title='bbox 2364 4098 2535 4186; x_wconf 89' lang='lat' dir='ltr'><strong>quo</strong></span> <span class='ocrx_word' id='word_1_211' title='bbox 2583 4068 2896 4154; x_wconf 75' lang='lat' dir='ltr'><strong>Divina</strong></span> <span class='ocrx_word' id='word_1_212' title='bbox 2942 4065 3413 4175; x_wconf 76' lang='lat' dir='ltr'><strong>benignitas</strong></span> <span class='ocrx_word' id='word_1_213' title='bbox 3461 4057 3954 4150; x_wconf 89' lang='lat' dir='ltr'><strong>revocandis</strong></span> <span class='ocrx_word' id='word_1_214' title='bbox 4004 4058 4110 4145; x_wconf 92' lang='lat' dir='ltr'><strong>ad</strong></span> <span class='ocrx_word' id='word_1_215' title='bbox 4161 4063 4438 4148; x_wconf 86' lang='lat' dir='ltr'><strong>sinum</strong></span> 
     </span>
     <span class='ocr_line' id='line_1_34' title="bbox 1054 4179 4438 4275; baseline 0 -11"><span class='ocrx_word' id='word_1_216' title='bbox 1054 4179 1535 4272; x_wconf 82' lang='lat' dir='ltr'><strong>Catholicae</strong></span> <span class='ocrx_word' id='word_1_217' title='bbox 1579 4185 2009 4275; x_wconf 88' lang='lat' dir='ltr'><strong>Ecclesiae</strong></span> <span class='ocrx_word' id='word_1_218' title='bbox 2078 4186 2432 4274; x_wconf 89' lang='lat' dir='ltr'><strong>subditis</strong></span> <span class='ocrx_word' id='word_1_219' title='bbox 2493 4189 2657 4274; x_wconf 91' lang='lat' dir='ltr'><strong>tuis</strong></span> <span class='ocrx_word' id='word_1_220' title='bbox 2706 4184 3027 4274; x_wconf 85' lang='lat' dir='ltr'><strong>felicius</strong></span> <span class='ocrx_word' id='word_1_221' title='bbox 3080 4217 3315 4273; x_wconf 89' lang='lat' dir='ltr'><strong>curas</strong></span> <span class='ocrx_word' id='word_1_222' title='bbox 3361 4183 3701 4269; x_wconf 88' lang='lat' dir='ltr'><strong>Nostras</strong></span> <span class='ocrx_word' id='word_1_223' title='bbox 3752 4181 4246 4268; x_wconf 88' lang='lat' dir='ltr'><strong>coelestibus</strong></span> <span class='ocrx_word' id='word_1_224' title='bbox 4294 4180 4438 4267; x_wconf 91' lang='lat' dir='ltr'><strong>be·</strong></span> 
     </span>
     <span class='ocr_line' id='line_1_35' title="bbox 1058 4299 4435 4421; baseline 0 -33"><span class='ocrx_word' id='word_1_225' title='bbox 1058 4300 1682 4393; x_wconf 87' lang='lat' dir='ltr'><strong>nedictionibus</strong></span> <span class='ocrx_word' id='word_1_226' title='bbox 1729 4311 2254 4421; x_wconf 84' lang='lat' dir='ltr'><strong>provexerit3</strong></span> <span class='ocrx_word' id='word_1_227' title='bbox 2305 4339 2406 4396; x_wconf 92' lang='lat' dir='ltr'><strong>eo</strong></span> <span class='ocrx_word' id='word_1_228' title='bbox 2456 4305 2900 4395; x_wconf 79' lang='lat' dir='ltr'><strong>studiosius</strong></span> <span class='ocrx_word' id='word_1_229' title='bbox 2951 4330 3119 4393; x_wconf 88' lang='lat' dir='ltr'><strong>tam</strong></span> <span class='ocrx_word' id='word_1_230' title='bbox 3169 4306 3555 4421; x_wconf 86' lang='lat' dir='ltr'><strong>Majestas</strong></span> <span class='ocrx_word' id='word_1_231' title='bbox 3605 4304 3840 4410; x_wconf 87' lang='lat' dir='ltr'><strong>Tua,</strong></span> <span class='ocrx_word' id='word_1_232' title='bbox 3899 4333 4153 4421; x_wconf 86' lang='lat' dir='ltr'><strong>quam</strong></span> <span class='ocrx_word' id='word_1_233' title='bbox 4201 4299 4435 4388; x_wconf 87' lang='lat' dir='ltr'><strong>Dile-</strong></span> 
     </span>
     <span class='ocr_line' id='line_1_36' title="bbox 1067 4423 4442 4543; baseline -0 -35"><span class='ocrx_word' id='word_1_234' title='bbox 1067 4423 1475 4527; x_wconf 85' lang='lat' dir='ltr'><strong>ctissimus</strong></span> <span class='ocrx_word' id='word_1_235' title='bbox 1557 4429 1645 4514; x_wconf 88' lang='lat' dir='ltr'><strong>in</strong></span> <span class='ocrx_word' id='word_1_236' title='bbox 1697 4426 2033 4517; x_wconf 89' lang='lat' dir='ltr'><strong>Christo</strong></span> <span class='ocrx_word' id='word_1_237' title='bbox 2116 4428 2380 4515; x_wconf 82' lang='lat' dir='ltr'><strong>Filius</strong></span> <span class='ocrx_word' id='word_1_238' title='bbox 2429 4429 2734 4515; x_wconf 88' lang='lat' dir='ltr'><strong>Noster·</strong></span> <span class='ocrx_word' id='word_1_239' title='bbox 2765 4427 3087 4543; x_wconf 59' lang='lat' dir='ltr'><strong>⁴Regius</strong></span> <span class='ocrx_word' id='word_1_240' title='bbox 3133 4426 3530 4540; x_wconf 84' lang='lat' dir='ltr'><strong>Princeps</strong></span> <span class='ocrx_word' id='word_1_241' title='bbox 3578 4448 3821 4510; x_wconf 86' lang='lat' dir='ltr'><strong>natus</strong></span> <span class='ocrx_word' id='word_1_242' title='bbox 3886 4425 4081 4509; x_wconf 75' lang='lat' dir='ltr'><strong>tuus</strong></span> <span class='ocrx_word' id='word_1_243' title='bbox 4132 4427 4442 4533; x_wconf 56' lang='lat' dir='ltr'><strong>satage4</strong></span> 
     </span>
     <span class='ocr_line' id='line_1_37' title="bbox 1066 4540 4438 4668; baseline -0 -40"><span class='ocrx_word' id='word_1_244' title='bbox 1066 4568 1255 4631; x_wconf 89' lang='lat' dir='ltr'><strong>rent</strong></span> <span class='ocrx_word' id='word_1_245' title='bbox 1288 4608 1313 4653; x_wconf 85' lang='lat'>‚</span> <span class='ocrx_word' id='word_1_246' title='bbox 1377 4577 1483 4633; x_wconf 89' lang='lat' dir='ltr'><strong>ne</strong></span> <span class='ocrx_word' id='word_1_247' title='bbox 1536 4548 1702 4635; x_wconf 88' lang='lat' dir='ltr'><strong>ulla</strong></span> <span class='ocrx_word' id='word_1_248' title='bbox 1751 4547 2306 4639; x_wconf 86' lang='lat' dir='ltr'><strong>restituendae</strong></span> <span class='ocrx_word' id='word_1_249' title='bbox 2359 4547 2873 4668; x_wconf 89' lang='lat' dir='ltr'><strong>alendaeque</strong></span> <span class='ocrx_word' id='word_1_250' title='bbox 2921 4548 3331 4660; x_wconf 87' lang='lat' dir='ltr'><strong>Religioni</strong></span> <span class='ocrx_word' id='word_1_251' title='bbox 3378 4547 3828 4634; x_wconf 84' lang='lat' dir='ltr'><strong>necessaria</strong></span> <span class='ocrx_word' id='word_1_252' title='bbox 3877 4540 4245 4630; x_wconf 87' lang='lat' dir='ltr'><strong>subsidia</strong></span> <span class='ocrx_word' id='word_1_253' title='bbox 4295 4541 4438 4630; x_wconf 88' lang='lat' dir='ltr'><strong>de·</strong></span> 
     </span>
     <span class='ocr_line' id='line_1_38' title="bbox 1064 4660 4448 4785; baseline -0 -35"><span class='ocrx_word' id='word_1_254' title='bbox 1064 4690 1360 4753; x_wconf 88' lang='lat' dir='ltr'><strong>essent.</strong></span> <span class='ocrx_word' id='word_1_255' title='bbox 1433 4670 1616 4781; x_wconf 87' lang='lat' dir='ltr'><strong>Age</strong></span> <span class='ocrx_word' id='word_1_256' title='bbox 1670 4673 1944 4785; x_wconf 85' lang='lat' dir='ltr'><strong>igitur,</strong></span> <span class='ocrx_word' id='word_1_257' title='bbox 2011 4670 2453 4759; x_wconf 88' lang='lat' dir='ltr'><strong>Carissime</strong></span> <span class='ocrx_word' id='word_1_258' title='bbox 2503 4675 2585 4758; x_wconf 89' lang='lat' dir='ltr'><strong>in</strong></span> <span class='ocrx_word' id='word_1_259' title='bbox 2643 4670 2978 4757; x_wconf 89' lang='lat' dir='ltr'><strong>Christo</strong></span> <span class='ocrx_word' id='word_1_260' title='bbox 3026 4669 3185 4753; x_wconf 91' lang='lat' dir='ltr'><strong>Fili</strong></span> <span class='ocrx_word' id='word_1_261' title='bbox 3235 4667 3586 4773; x_wconf 86' lang='lat' dir='ltr'><strong>Noster,</strong></span> <span class='ocrx_word' id='word_1_262' title='bbox 3622 4664 4033 4752; x_wconf 88' lang='lat' dir='ltr'><strong>Divinum</strong></span> <span class='ocrx_word' id='word_1_263' title='bbox 4070 4694 4281 4780; x_wconf 91' lang='lat' dir='ltr'><strong>opus</strong></span> <span class='ocrx_word' id='word_1_264' title='bbox 4328 4660 4448 4750; x_wconf 77' lang='lat' dir='ltr'><strong>ad‘</strong></span> 
     </span>
     <span class='ocr_line' id='line_1_39' title="bbox 1061 4782 4448 4914; baseline 0 -43"><span class='ocrx_word' id='word_1_265' title='bbox 1061 4782 1226 4902; x_wconf 82' lang='lat' dir='ltr'><strong>Dei</strong></span> <span class='ocrx_word' id='word_1_266' title='bbox 1277 4785 1683 4879; x_wconf 88' lang='lat' dir='ltr'><strong>honorem</strong></span> <span class='ocrx_word' id='word_1_267' title='bbox 1719 4856 1744 4903; x_wconf 86' lang='lat'><strong>,</strong></span> <span class='ocrx_word' id='word_1_268' title='bbox 1808 4825 2259 4914; x_wconf 78' lang='lat' dir='ltr'><strong>veramque</strong></span> <span class='ocrx_word' id='word_1_269' title='bbox 2311 4796 2756 4882; x_wconf 84' lang='lat' dir='ltr'><strong>Saxonicae</strong></span> <span class='ocrx_word' id='word_1_270' title='bbox 2812 4791 3177 4876; x_wconf 87' lang='lat' dir='ltr'><strong>Ditionis</strong></span> <span class='ocrx_word' id='word_1_271' title='bbox 3225 4811 3418 4875; x_wconf 88' lang='lat' dir='ltr'><strong>tuae</strong></span> <span class='ocrx_word' id='word_1_272' title='bbox 3491 4785 3994 4875; x_wconf 84' lang='lat' dir='ltr'><strong>felicitatem</strong></span> <span class='ocrx_word' id='word_1_273' title='bbox 4029 4783 4448 4900; x_wconf 67' lang='lat' dir='ltr'><strong>&#39;coeptum-</strong></span> 
     </span>
     <span class='ocr_line' id='line_1_40' title="bbox 1064 4912 4438 5033; baseline -0 -42"><span class='ocrx_word' id='word_1_274' title='bbox 1064 4928 1207 4992; x_wconf 89' lang='lat' dir='ltr'><strong>tua</strong></span> <span class='ocrx_word' id='word_1_275' title='bbox 1259 4916 1741 5002; x_wconf 88' lang='lat' dir='ltr'><strong>auctoritate</strong></span> <span class='ocrx_word' id='word_1_276' title='bbox 1774 4980 1805 5020; x_wconf 87' lang='lat'><em>,</em></span> <span class='ocrx_word' id='word_1_277' title='bbox 1866 4918 2171 5033; x_wconf 87' lang='lat' dir='ltr'><strong>pietate</strong></span> <span class='ocrx_word' id='word_1_278' title='bbox 2206 4980 2232 5027; x_wconf 85' lang='lat'>‚</span> <span class='ocrx_word' id='word_1_279' title='bbox 2297 4947 2392 5003; x_wconf 91' lang='lat' dir='ltr'><strong>ac</strong></span> <span class='ocrx_word' id='word_1_280' title='bbox 2457 4912 2852 5031; x_wconf 85' lang='lat' dir='ltr'><strong>sapientia</strong></span> <span class='ocrx_word' id='word_1_281' title='bbox 2897 4923 3051 5027; x_wconf 83' lang='lat' dir='ltr'><strong>&#39;pro</strong></span> <span class='ocrx_word' id='word_1_282' title='bbox 3097 4913 3252 5001; x_wconf 77' lang='lat' dir='ltr'><strong>viri</strong></span> <span class='ocrx_word' id='word_1_283' title='bbox 3308 4932 3538 5026; x_wconf 89' lang='lat' dir='ltr'><strong>parte</strong></span> <span class='ocrx_word' id='word_1_284' title='bbox 3588 4938 3880 5019; x_wconf 89' lang='lat' dir='ltr'><strong>urgere</strong></span> <span class='ocrx_word' id='word_1_285' title='bbox 3945 4937 4040 4993; x_wconf 91' lang='lat' dir='ltr'><strong>ac</strong></span> <span class='ocrx_word' id='word_1_286' title='bbox 4101 4935 4438 5024; x_wconf 88' lang='lat' dir='ltr'><strong>promo·</strong></span> 
     </span>
     <span class='ocr_line' id='line_1_41' title="bbox 1060 5024 4445 5156; baseline -0.001 -40"><span class='ocrx_word' id='word_1_287' title='bbox 1060 5051 1258 5116; x_wconf 81' lang='lat' dir='ltr'><strong>vere</strong></span> <span class='ocrx_word' id='word_1_288' title='bbox 1308 5061 1416 5118; x_wconf 88' lang='lat' dir='ltr'><strong>ne</strong></span> <span class='ocrx_word' id='word_1_289' title='bbox 1466 5029 1798 5124; x_wconf 85' lang='lat' dir='ltr'><strong>dubites</strong></span> <span class='ocrx_word' id='word_1_290' title='bbox 1827 5071 1852 5148; x_wconf 85' lang='lat'>3</span> <span class='ocrx_word' id='word_1_291' title='bbox 1884 5068 2386 5156; x_wconf 90' lang='lat' dir='ltr'><strong>operamque</strong></span> <span class='ocrx_word' id='word_1_292' title='bbox 2434 5030 3010 5149; x_wconf 83' lang='lat' dir='ltr'><strong>magnitudine</strong></span> <span class='ocrx_word' id='word_1_293' title='bbox 3059 5033 3314 5118; x_wconf 86' lang='lat' dir='ltr'><strong>animi</strong></span> <span class='ocrx_word' id='word_1_294' title='bbox 3367 5062 3461 5117; x_wconf 89' lang='lat' dir='ltr'><strong>ac</strong></span> <span class='ocrx_word' id='word_1_295' title='bbox 3508 5030 3839 5120; x_wconf 79' lang='lat' dir='ltr'><strong>virtutis</strong></span> <span class='ocrx_word' id='word_1_296' title='bbox 3887 5050 4081 5114; x_wconf 87' lang='lat' dir='ltr'><strong>tuae</strong></span> <span class='ocrx_word' id='word_1_297' title='bbox 4130 5024 4445 5139; x_wconf 55' lang='lat' dir='ltr'><strong>dignis*</strong></span> 
     </span>
     <span class='ocr_line' id='line_1_42' title="bbox 1064 5146 4452 5272; baseline -0.001 -37"><span class='ocrx_word' id='word_1_298' title='bbox 1064 5150 1356 5272; x_wconf 75' lang='lat' dir='ltr'><strong>simam</strong></span> <span class='ocrx_word' id='word_1_299' title='bbox 1407 5152 1701 5260; x_wconf 83' lang='lat' dir='ltr'><strong>studiis</strong></span> <span class='ocrx_word' id='word_1_300' title='bbox 1773 5155 2094 5245; x_wconf 85' lang='lat' dir='ltr'><strong>Nostris</strong></span> <span class='ocrx_word' id='word_1_301' title='bbox 2149 5160 2591 5246; x_wconf 85' lang='lat' dir='ltr'><strong>consocies.</strong></span> <span class='ocrx_word' id='word_1_302' title='bbox 2657 5158 2985 5242; x_wconf 87' lang='lat' dir='ltr'><strong>Interea</strong></span> <span class='ocrx_word' id='word_1_303' title='bbox 3055 5154 3708 5268; x_wconf 87' lang='lat' dir='ltr'><strong>omnipotentem</strong></span> <span class='ocrx_word' id='word_1_304' title='bbox 3781 5148 4064 5235; x_wconf 89' lang='lat' dir='ltr'><strong>Deum</strong></span> <span class='ocrx_word' id='word_1_305' title='bbox 4124 5146 4452 5262; x_wconf 80' lang='lat' dir='ltr'><strong>suppli-&#39;-</strong></span> 
     </span>
     <span class='ocr_line' id='line_1_43' title="bbox 1065 5268 4436 5398; baseline -0.003 -41"><span class='ocrx_word' id='word_1_306' title='bbox 1065 5298 1202 5358; x_wconf 89' lang='lat' dir='ltr'><strong>ces</strong></span> <span class='ocrx_word' id='word_1_307' title='bbox 1259 5276 1675 5387; x_wconf 90' lang='lat' dir='ltr'><strong>poscimus</strong></span> <span class='ocrx_word' id='word_1_308' title='bbox 1713 5299 1810 5364; x_wconf 89' lang='lat' dir='ltr'><strong>ut</strong></span> <span class='ocrx_word' id='word_1_309' title='bbox 1854 5279 2372 5398; x_wconf 73' lang='lat' dir='ltr'><strong>Maiestatem</strong></span> <span class='ocrx_word' id='word_1_310' title='bbox 2424 5280 2698 5367; x_wconf 89' lang='lat' dir='ltr'><strong>Tuam</strong></span> <span class='ocrx_word' id='word_1_311' title='bbox 2749 5277 3257 5394; x_wconf 90' lang='lat' dir='ltr'><strong>Regiamque</strong></span> <span class='ocrx_word' id='word_1_312' title='bbox 3292 5274 3725 5360; x_wconf 91' lang='lat' dir='ltr'><strong>Familiam</strong></span> <span class='ocrx_word' id='word_1_313' title='bbox 3774 5271 4020 5357; x_wconf 88' lang='lat' dir='ltr'><strong>bonis</strong></span> <span class='ocrx_word' id='word_1_314' title='bbox 4048 5268 4436 5356; x_wconf 89' lang='lat' dir='ltr'><strong>omnibus</strong></span> 
     </span>
     <span class='ocr_line' id='line_1_44' title="bbox 1067 5383 4437 5518; baseline -0.002 -42"><span class='ocrx_word' id='word_1_315' title='bbox 1067 5416 1362 5506; x_wconf 87' lang='lat' dir='ltr'><strong>augeat</strong></span> <span class='ocrx_word' id='word_1_316' title='bbox 1406 5417 1496 5485; x_wconf 87' lang='lat' dir='ltr'><strong>et</strong></span> <span class='ocrx_word' id='word_1_317' title='bbox 1543 5400 1970 5510; x_wconf 89' lang='lat' dir='ltr'><strong>cumulet,</strong></span> <span class='ocrx_word' id='word_1_318' title='bbox 2036 5399 2416 5489; x_wconf 88' lang='lat' dir='ltr'><strong>futurum</strong></span> <span class='ocrx_word' id='word_1_319' title='bbox 2466 5419 2884 5518; x_wconf 80' lang='lat' dir='ltr'><strong>sperantes</strong></span> <span class='ocrx_word' id='word_1_320' title='bbox 2919 5461 2944 5506; x_wconf 88' lang='lat'>,</span> <span class='ocrx_word' id='word_1_321' title='bbox 2996 5418 3093 5483; x_wconf 91' lang='lat' dir='ltr'><strong>ut</strong></span> <span class='ocrx_word' id='word_1_322' title='bbox 3140 5428 3237 5484; x_wconf 85' lang='lat' dir='ltr'><strong>ex</strong></span> <span class='ocrx_word' id='word_1_323' title='bbox 3273 5429 3367 5485; x_wconf 92' lang='lat' dir='ltr'><strong>ea</strong></span> <span class='ocrx_word' id='word_1_324' title='bbox 3416 5394 3759 5481; x_wconf 89' lang='lat' dir='ltr'><strong>Ditione</strong></span> <span class='ocrx_word' id='word_1_325' title='bbox 3787 5458 3812 5504; x_wconf 86' lang='lat'>‚</span> <span class='ocrx_word' id='word_1_326' title='bbox 3848 5385 4078 5478; x_wconf 89' lang='lat' dir='ltr'><strong>unde</strong></span> <span class='ocrx_word' id='word_1_327' title='bbox 4117 5383 4437 5474; x_wconf 82' lang='lat' dir='ltr'><strong>Catho-</strong></span> 
     </span>
     <span class='ocr_line' id='line_1_45' title="bbox 1067 5501 4441 5642; baseline -0.001 -48"><span class='ocrx_word' id='word_1_328' title='bbox 1067 5508 1279 5598; x_wconf 89' lang='lat' dir='ltr'><strong>licae</strong></span> <span class='ocrx_word' id='word_1_329' title='bbox 1324 5513 1750 5611; x_wconf 84' lang='lat' dir='ltr'><strong>Ecclesiae</strong></span> <span class='ocrx_word' id='word_1_330' title='bbox 1793 5524 2199 5642; x_wconf 89' lang='lat' dir='ltr'><strong>superiori</strong></span> <span class='ocrx_word' id='word_1_331' title='bbox 2248 5543 2623 5639; x_wconf 83' lang='lat' dir='ltr'><strong>tempore</strong></span> <span class='ocrx_word' id='word_1_332' title='bbox 2705 5522 3038 5626; x_wconf 87' lang='lat' dir='ltr'><strong>luctus,</strong></span> <span class='ocrx_word' id='word_1_333' title='bbox 3100 5542 3185 5607; x_wconf 87' lang='lat' dir='ltr'><strong>et</strong></span> <span class='ocrx_word' id='word_1_334' title='bbox 3230 5515 3575 5607; x_wconf 83' lang='lat' dir='ltr'><strong>vulnera</strong></span> <span class='ocrx_word' id='word_1_335' title='bbox 3642 5515 3866 5605; x_wconf 89' lang='lat' dir='ltr'><strong>illata</strong></span> <span class='ocrx_word' id='word_1_336' title='bbox 3925 5532 4180 5621; x_wconf 86' lang='lat' dir='ltr'><strong>sunt3</strong></span> <span class='ocrx_word' id='word_1_337' title='bbox 4243 5501 4441 5593; x_wconf 89' lang='lat' dir='ltr'><strong>inde</strong></span> 
     </span>
     <span class='ocr_line' id='line_1_46' title="bbox 1061 5623 4443 5762; baseline -0.007 -26"><span class='ocrx_word' id='word_1_338' title='bbox 1061 5637 1506 5757; x_wconf 70' lang='lat' dir='ltr'><strong>Praecipua</strong></span> <span class='ocrx_word' id='word_1_339' title='bbox 1555 5640 2024 5762; x_wconf 82' lang='lat' dir='ltr'><strong>profectura</strong></span> <span class='ocrx_word' id='word_1_340' title='bbox 2073 5647 2240 5737; x_wconf 87' lang='lat' dir='ltr'><strong>sint</strong></span> <span class='ocrx_word' id='word_1_341' title='bbox 2298 5641 2645 5760; x_wconf 87' lang='lat' dir='ltr'><strong>gaudia..</strong></span> <span class='ocrx_word' id='word_1_342' title='bbox 2684 5645 2815 5733; x_wconf 83' lang='lat' dir='ltr'><strong>Ac</strong></span> <span class='ocrx_word' id='word_1_343' title='bbox 2862 5642 3061 5732; x_wconf 86' lang='lat' dir='ltr'><strong>Tibi</strong></span> <span class='ocrx_word' id='word_1_344' title='bbox 3109 5705 3140 5747; x_wconf 90' lang='lat'><em>,</em></span> <span class='ocrx_word' id='word_1_345' title='bbox 3204 5637 3644 5728; x_wconf 76' lang='lat' dir='ltr'><strong>Carissimo</strong></span> <span class='ocrx_word' id='word_1_346' title='bbox 3695 5640 3810 5727; x_wconf 88' lang='lat' dir='ltr'><strong>in</strong></span> <span class='ocrx_word' id='word_1_347' title='bbox 3885 5631 4224 5723; x_wconf 88' lang='lat' dir='ltr'><strong>Christo</strong></span> <span class='ocrx_word' id='word_1_348' title='bbox 4275 5623 4443 5719; x_wconf 89' lang='lat' dir='ltr'><strong>Fili</strong></span> 
     </span>
    </p>
   </div>
  </div>
 </body>
</html>
