4834 6409
410 630 856 715 ctrinarum
892 687 921 729 ‚
996 644 1250 739 atque
1315 620 1770 708 Han-esum
1847 625 2156 711 amia
2195 680 2224 730 ,
2283 648 2500 745 quae
2560 612 2987 743 nequitiae
3060 625 3405 741 operarii
3475 625 3561 708 ln
3596 500 3777 711 3313

407 778 561 837 nea
612 745 1018 847 Domini,
1069 773 1288 862 quae
1334 765 1457 828 est
1503 741 1874 828 Eaectesia
1926 805 1954 848 ,
2019 745 2402 830 licentius
2448 748 3101 857 superseminante
3167 747 3551 830 nituntur
3594 808 3624 849 ,
3693 765 3782 831 et

403 869 786 983 injtm'cto
846 863 1112 951 Nobis
1141 859 1544 948 divinitus
1595 864 2040 977 Apostolici
2094 867 2463 950 muneris
2506 856 2850 969 debito,
2902 886 3311 980 quantum
3362 890 3554 952 cum
3604 862 3777 950 Doa—

404 992 638 1074 mino
687 1013 1117 1104 possumus
1169 1045 1192 1089 ,
1258 982 1800 1068 convellenda
1845 980 2148 1099 jugiter
2199 986 2567 1068 animum
2620 983 3175 1070 intendamus.

517 1116 598 1210 §.
673 1139 747 1193 1.
809 1107 938 1191 Ea
1006 1127 1378 1218 propter,
1428 1132 1623 1207 cum
1675 1130 1844 1187 nou
1891 1104 2074 1189 sine
2131 1105 2434 1187 intimo
2476 1102 2752 1187 cordis
2822 1108 3073 1188 nostri
3131 1128 3501 1191 moerore
3547 1128 3774 1191 acce·
3799 1107 4083 1175 Libellus

398 1227 676 1341 pimus
709 1292 740 1333 ,
801 1229 882 1311 in
942 1226 1214 1310 lucem
1266 1219 1664 1336 prodiisse
1713 1221 2020 1308 librum
2069 1221 2521 1341 quemdam
2574 1225 2661 1306 in
2736 1247 3093 1340 quatuor
3142 1226 3453 1308 Tomos
3504 1221 3775 1308 distri·
3798 1198 4128 1357 finge&-

401 1349 706 1433 butum
749 1346 1080 1431 Gallico
1119 1338 1525 1427 'idiomate
1581 1344 2066 1455 impressum
2105 1402 2130 1446 ‚
2186 1346 2316 1425 cui
2371 1336 2720 1425 titurius:
2790 1344 3174 1427 Histoire
3216 1338 3335 1425 da
3396 1342 3609 1429 livre
3670 1313 4099 1460 denzm'en:

399 1468 889 1584 Reflcxions
959 1460 1348 1548 Morales
1392 1491 1544 1545 rw·
1588 1460 1665 1542 le
1711 1490 2094 1544 mansan
2147 1462 2654 1567 Testament,
2692 1478 2772 1543 et
2818 1459 2925 1543 de
2971 1462 3062 1545 la
3114 1464 3680 1547 Conseitzctc‘on
3717 1496 3775 1537 =
3802 1474 4108 1580 Quosne15

402 1584 910 1694 Unigenitus
957 1622 1017 1657 =
1062 1580 1158 1666 A
1212 1578 1759 1664 Amata-dam
1809 1614 1861 1664 :
1911 1580 2188 1692 plures
2267 1600 2547 1665 autem
2611 1581 2937 1666 Fratres
3020 1584 3273 1668 nostri
3352 1581 3433 1666 S.
3506 1582 3598 1666 R.
3666 1566 4036 1666 Elianam
4078 1585 4172 1626 ω·

403 1700 885 1790 cardinales
921 1764 948 1809 ‚
1033 1697 1313 1787 audita
1373 1701 1556 1784 libri
1613 1697 2089 1810 hujusmodi
2143 1728 2485 1786 censura
2538 1701 2695 1785 sibi
2747 1703 3029 1806 relata,
3093 1702 3332 1787 illum
3383 1724 3777 1820 tanquam
3798 1676 4174 1833 ἓζέζζῗιξξ

403 1826 974 1910 continentem
1042 1821 1640 1936 propositiones
1686 1817 1920 1903 falsas
1949 1880 1976 1924 ‚
2038 1822 2468 1933 captiosas,
2516 1823 2841 1932 piarum
2890 1822 3220 1906 aurium
3294 1818 4054 1927 offensivas‚scstens

402 1941 915 2028 scandalosas
964 2005 993 2048 ,
1055 1944 1580 2045 temerarias,
1638 1939 2065 2024 Ecclesiae
2096 2000 2130 2041 ,
2190 1963 2272 2024 et
2332 1944 2518 2053 ejus
2562 1943 2785 2054 praxi
2848 1942 3317 2054 injuriosas,
3368 1968 3640 2060 neque
3693 1944 3777 2026 in
3809 1928 4103 2037 P,¹‘⁰1‚³⁰⁸5·

401 2061 864 2149 Ecclesiam
925 2060 1229 2166 solum,
1286 2056 1432 2145 sed
1483 2061 1730 2144 etiam
1783 2062 1864 2142 in
1922 2056 2371 2144 potestates
2430 2054 2735 2143 saeculi
2804 2056 3437 2167 contumeliosas
3483 2124 3511 2167 ‚
3572 2060 3784 2147 sedi-
3809 2017 4137 2098 “mum''

404 2183 647 2267 tiosas
692 2246 721 2289 ‚
791 2183 1082 2296 impias
1127 2241 1156 2284 ,
1213 2176 1732 2293 blasphemas
1767 2239 1796 2282 ,
1858 2202 2269 2290 suspectas
2320 2176 2431 2262 de
2478 2176 2789 2264 haeresi
2819 2204 2867 2285 ,’
2911 2212 3005 2264 ac
3055 2177 3456 2293 baeresim
3521 2183 3783 2293 ipsam

402 2305 807 2417 sapientes
843 2364 872 2407 ,
934 2328 1261 2385 necnon
1313 2295 1746 2383 haereticis
1780 2359 1810 2401 ,
1871 2320 1954 2382 et
2004 2295 2477 2383 haeresibus
2513 2360 2541 2403 ,
2592 2329 2691 2383 ac
2735 2301 2983 2384 etiam
3032 2296 3449 2384 schismati
3502 2298 3788 2387 saven-

407 2443 527 2505 tes
560 2483 585 2526 ,
651 2451 1030 2507 erroneas
1064 2480 1095 2524 ‚
1160 2415 1473 2503 haeresi
1552 2421 1956 2530 proximas
1991 2477 2023 2520 ,
2083 2418 2394 2530 pluries
2450 2415 2933 2523 damnataS,
2995 2449 3095 2503 ac
3140 2415 3483 2504 demum
3534 2422 3782 2506 etiam

406 2539 910 2647 haereticas,
973 2540 1403 2654 variasque
1463 2534 1833 2620 haereses
1868 2596 1898 2640 ‚
1976 2558 2064 2620 et
2123 2537 2573 2650 praecipue
2640 2535 3225 2623 Jansenianam
3253 2600 3283 2641 ,
3337 2569 3433 2622 ac
3517 2538 3784 2645 Ques·

409 2660 850 2746 nellianam
914 2654 1344 2743 manifeste
1401 2656 1888 2740 innovantes
1936 2703 2006 2757 ,·
2046 2679 2126 2740 et
2207 2680 2658 2742 asserentes
2737 2660 3259 2770 respective,
3325 2654 3788 2770 prohiben-

409 2776 659 2884 dum,
725 2812 821 2865 ac
884 2770 1612 2863 condemnandum
1664 2805 1836 2858 esse
1899 2777 2369 2859 censuerint
2408 2810 2433 2857 t

527 2898 593 2995 S.
665 2931 741 2983 2.
831 2896 1003 2981 Nos
1072 2897 1355 3010 itaque
1399 2924 1510 2978 ne
1570 2890 2260 2978 Christifidelium
2337 2897 2666 2978 animae
2722 2897 3027 3008 apertis
3107 2890 3625 3001 mendaciis,
3690 2926 3787 2982 ac
3811 2903 4183 2972 Damnatur.

411 3015 1026 3102 damnabilibus
1075 3010 1472 3126 deceptae
1530 3011 2060 3123 opinionibus
2112 3046 2156 3096 a
2205 3015 2605 3117 veritatis,
2666 3037 2747 3099 et
2795 3013 3179 3099 Justitiae
3226 3019 3513 3100 semita
3563 3047 3786 3101 amo-

408 3159 819 3246 veantur3
884 3133 990 3221 de
1039 3128 1521 3219 eorumdem
1586 3128 2158 3215 Cardinalium
2212 3133 2581 3236 consili0,
2646 3165 2745 3219 ac
2810 3137 3059 3218 etiam
3124 3158 3357 3218 motu
3409 3137 3789 3249 proprio,

413 3280 496 3341 et
545 3286 642 3340 ex
704 3278 922 3342 certa
978 3254 1370 3354 scientia,
1424 3270 1507 3335 e't
1571 3271 1886 3334 matura
1956 3247 2556 3341 deliberatione
2606 3255 2901 3336 nostris
2946 3315 2971 3354 ‚
3039 3254 3311 3368 deque
3383 3255 3793 3367 Apostoli·

410 3405 554 3460 cae
601 3375 1023 3488 potestatis
1073 3366 1594 3485 plenitudine
1645 3367 2211 3481 supradictum
2267 3371 2788 3489 librum⁴sub
2834 3404 3079 3484 supra
3130 3402 3537 3481 expressO,
3586 3374 3784 3459 alio-

408 3525 511 3579 ve
580 3523 1121 3612 quocumque
1184 3489 1481 3594 titulo,
1538 3488 2052 3605 ubicumque
2099 3550 2124 3594 ‚
2190 3514 2272 3574 et
2332 3521 2870 3608 quocumque
2932 3493 3099 3576 alio
3173 3491 3569 3578 idiomate
3644 3525 3795 3580 seu
3886 3526 3893 3531 ·

410 3616 699 3730 quavis
750 3611 1142 3715 editione,
1198 3631 1341 3692 aut
1416 3610 1793 3693 versione
1843 3606 2279 3724 hucusque
2330 3612 2819 3721 impressum
2869 3671 2893 3714 ,
2961 3634 3103 3694 aut
3170 3614 3707 3724 imposterum
3763 3676 3795 3719 ,

413 3729 641 3848 quod
710 3732 949 3836 absit,
994 3723 1699 3843 imprimendum,
1772 3749 2057 3811 tenore
2128 3730 2682 3839 praesentium
2750 3726 3237 3814 damnamus
3279 3792 3308 3835 ,
3390 3753 3470 3816 et
3526 3763 3801 3845 repro·

407 3851 730 3956 bamus,
783 3882 878 3938 ac
934 3850 1122 3958 legi,
1172 3878 1316 3933 seu
1384 3847 1712 3932 retineri
1767 3844 2342 3959 probibemus,
2392 3850 2817 3964 ipsiusque
2866 3848 3054 3932 libri
3110 3852 3729 3961 impressionem
3773 3915 3803 3958 ,

411 3967 1049 4081 descriptionem
1090 4029 1116 4069 ,
1181 3967 1624 4052 lectionem
1674 4029 1703 4071 ,
1768 3967 2310 4051 retentionem
2361 4031 2396 4069 ‚
2453 3990 2534 4051 et
2587 3998 2825 4051 usum
2861 4030 2890 4072 ,
2951 3969 3342 4051 omnibus
3378 4031 3407 4076 ,
3474 3993 3557 4054 et
3631 3973 3798 4055 sin·

412 4090 626 4199 gulis
676 4080 1380 4171 christifidelibus
1409 4145 1442 4184 ,
1490 4087 1734 4168 etiam
1800 4081 2178 4199 specifica
2217 4147 2246 4190 ‚
2308 4110 2391 4171 et
2470 4084 2901 4172 individua
2953 4091 3382 4173 mentione
3449 4086 3719 4198 dignis
3769 4155 3800 4198 ,

411 4209 576 4294 sub
621 4234 886 4324 poena
953 4202 1829 4289 excommunicationis
1901 4234 2047 4317 per
2123 4202 2801 4290 contrafacientes
2849 4269 2875 4312 ‚
2942 4210 3119 4318 ipso
3183 4204 3400 4292 facto
3486 4208 3802 4328 absque

413 4330 567 4413 alia
621 4325 1178 4413 declaratione
1231 4318 1728 4407 incurrenda
1766 4384 1797 4426 ,
1845 4355 1891 4406 a
1964 4353 2123 4440 qua
2189 4356 2431 4410 nemo
2483 4358 2525 4409 a
2581 4356 3001 4442 quoquam
3052 4325 3695 4443 (praeterquam
3751 4330 3816 4415 a⁸

412 4448 654 4534 nobis
694 4509 720 4552 ‚
784 4476 926 4532 seu
983 4444 1363 4529 Romano
1421 4438 1832 4527 Pontifice
1904 4472 2058 4553 pro
2129 4465 2291 4529 tem
2357 4462 2499 4528 ore
2559 4442 3045 4559 existente)
3106 4448 3255 4530 nisi
3338 4450 3421 4531 in
3508 4450 3797 4533 mortis

414 4567 762 4652 articulo
812 4565 1304 4650 constitutus
1352 4622 1378 4666 ,
1445 4559 1991 4645 absolutionis
2054 4476 2568 4649 Beneficium
2618 4565 2882 4650 valeat
2931 4564 3304 4651 obtinere
3340 4630 3373 4671 ,
3451 4570 3800 4652 omnino

421 4684 1022 4773 interdicimus.

532 4808 601 4905 S.
663 4808 747 4891 3.
815 4804 1270 4908 VolenteS,
1330 4825 1414 4890 et
1461 4801 1944 4886 auctoritate
1991 4800 2461 4912 Apostolica
2525 4798 3055 4909 mandantes„
3121 4796 3214 4889 ut
3278 4789 4143 4921 quicumquessemrh·

413 4926 725 5011 librum
775 4921 1253 5034 hujusmodi
1331 4950 1640 5035 poenes
1716 4949 1804 5003 se
1879 4915 2323 5004 habuerint
2360 4982 2388 5025 ,
2448 4922 2584 5007 vel
2631 4924 2719 5005 in
2773 4918 3149 5007 futurum
3216 4922 3787 5040 quandocum·
3811 4884 4183 5042 ζΐωιοὸἰῇἰ,

420 5077 587 5164 que
663 5042 1155 5147 habebunt,
1205 5043 1445 5126 illum
1494 5040 1769 5123 statim
1847 5059 2096 5156 atque
2147 5062 2613 5152 praesentes
2656 5039 2939 5127 literae
3016 5045 3130 5126 eis
3193 5046 3707 5130 innotuerint
3758 5065 4008 5154 ‚uariis
4060 5082 4185 5134 tra·

413 5166 787 5251 locorum
841 5160 1304 5247 Ordinariis
1339 5224 1374 5265 ,
1444 5157 1582 5246 vel
1664 5157 2121 5244 haereticae
2190 5161 2611 5272 pravitatis
2674 5159 3313 5277 Inquisitoribus
3391 5162 3713 5251 tradere
3760 5154 4068 5276 ‚denda3
4113 5176 4189 5225 ‘¹‘

415 5309 499 5372 et
551 5286 1034 5393 consignare
1083 5301 1568 5388 teneantur3
1632 5275 1719 5361 hi
1769 5307 1966 5365 vero
2014 5279 2505 5390 exemplaria
2555 5278 2713 5364 sibi
2765 5283 2886 5365 sic
2935 5278 3225 5365 tradita
3279 5281 3505 5367 illico
3552 5284 3791 5370 flam·
3812 5245 4185 5407 wden-

413 5406 571 5489 mis
631 5402 941 5491 aboleri
993 5424 1308 5489 curent.
1374 5399 1475 5485 In
1529 5400 2032 5484 contrarium
2081 5392 2584 5486 facientibus
2640 5428 2812 5486 nou
2874 5398 3401 5486 obstantibus
3448 5403 3940 5524 quibus-tur.
3991 5361 4034 5429 g

423 5554 810 5640 cumque.

534 5648 601 5743 S.
668 5649 748 5752 4.
817 5643 940 5732 Ut
988 5664 1264 5730 autem
1313 5662 1783 5758 praesentes
1855 5637 2138 5726 literae
2183 5639 2571 5725 omnibus
2635 5637 2959 5727 facilius
3006 5640 3555 5752 innotescant,
3625 5677 3781 5740 nec
3826 5665 4185 5739 Publieatio
