4834 6409
403 625 534 694 xta
574 611 1055 694 ermroeat'am
1102 593 1541 718 Benedicti.
1584 591 2228 716 praedeeessoris
2305 597 2772 688 Literarnm
2838 596 3485 717 dispositionem.
3555 503 3776 690 Cuym

403 721 1108 838 autem-officium
1160 719 1361 807 dicti
1409 720 1892 836 Cappellani
1924 781 1948 828 ‚
2004 722 2519 810 etRe'ctoris
2567 751 2715 838 per
2765 721 3087 810 obitum
3124 717 3501 838 ejusdem
3563 721 3781 808 Mar·-

402 849 478 934 ci
516 847 885 956 ‹Antonii
930 839 1395 930 Cardin‘alis
1460 843 1898 930 novissime
1949 839 2325 930 defuncti
2382 846 2854 950 vacaverit,
2920 866 3004 929 et
3086 865 3322 939 vacet
3372 840 3482 928 de
3555 871 3786 954 prae·-

408 970 623 1053 seuti
652 1028 680 1072 ,
744 964 917 1052 Nos
960 960 1306 1050 dilectos
1343 959 1562 1050 filios
1610 963 2065 1054 Monachos
2117 961 2457 1048 Ordinis
2509 964 2592 1049 S.
2632 964 2974 1050 Antonii
3029 963 3382 1050 Abbatis
3429 960 3787 1046 Natione

425 1087 936 1199 Abyssinos,
994 1111 1147 1168 seu
1200 1082 1645 1198 Aethiopes
1683 1145 1727 1191 ,2
1773 1101 1856 1171 e't
1890 1083 2200 1199 Coptos
2229 1147 2257 1187 ,
2320 1114 2465 1171 seu
2519 1088 3027 1198 Aegyptios,
3075 1114 3285 1200 quos
3311 1147 3342 1189 ,
3390 1081 3525 1171 vel
3573 1111 3783 1199 quo-

417 1237 615 1291 rum·
661 1205 955 1291 alteros
1018 1203 1215 1288 olim
1260 1200 1571 1291 dictam
1625 1205 2087 1292 Ecclesiam
2156 1236 2350 1294 cum
2402 1208 2570 1292 suis
2627 1201 3199 1318 dependentiis
3234 1267 3260 1310 ,
3323 1226 3406 1290 et
3456 1205 3788 1290 annexis

416 1358 515 1415 ex
564 1326 1125 1412 Romanorum
1175 1323 1678 1414 Pontificum
1718 1323 2461 1413 'praedecessorum
2495 1324 3014 1410 ,Nostrorum
3051 1383 3076 1430 ,
3134 1340 3230 1409 ac
3315 1321 3787 1438 praesertim

413 1445 697 1531 similis
756 1475 1003 1532 mem.
1072 1444 1311 1530 Pauli
1360 1444 1520 1548 PP.
1578 1445 1745 1532 111.·
1794 1450 2320 1534 concessione
2367 1442 2477 1530 de
2534 1475 2941 1534 consensu
3007 1464 3211 1530 tunc
3262 1444 3785 1530 existentium

415 1564 1089 1672 Canonicorum,
1151 1597 1252 1651 ac
1301 1566 1668 1680 Capituli
1717 1567 2127 1652 Basilicas·
2155 1559 2622 1681 praefatae,
2689 1561 2792 1651 ad
2835 1595 3091 1682 quam
3145 1625 3171 1668 ‚
3234 1588 3328 1650 ut
3412 1565 3793 1652 asseritur

413 1686 786 1772 Ecclesia
838 1683 1197 1800 praefata
1247 1707 1621 1800 spectat,
1687 1687 2141 1774 obtinuisse
2202 1689 2671 1800 accepimus
2708 1748 2733 1792 ,
2783 1686 3278 1801 specialibus
3327 1681 3789 1787 favoribus»,

410 1829 499 1894 et
547 1809 825 1917 gratiis
874 1808 1261 1924 prosequi
1311 1805 1736 1910 volentes,
1799 1830 1883 1893 et
1931 1837 2217 1893 eorum
2297 1808 2748 1917 singulares
2821 1807 3206 1920 personas
3265 1840 3311 1892 a
3364 1804 3794 1923 quibusvis

414 1928 1344 2031 excommunicationis,
1410 1930 2022 2043 suspensionis,
2089 1950 2171 2015 et·
2222 1924 2708 2032 interdicti,
2777 1928 3126 2044 aliisque
3203 1926 3796 2041 Ecclesiasticis

409 2050 899 2152 sententiis,
967 2049 1333 2136 censuris
1368 2108 1392 2150 ,
1456 2070 1542 2134 et
1587 2050 1872 2162 poenis
1937 2080 1983 2133 a
2041 2053 2283 2164 jure,
2351 2048 2482 2134 vel
2550 2047 2654 2136 ab
2707 2046 3041 2134 homine
3102 2050 3390 2166 quavis
3439 2049 3790 2134 occasio.-

414 2199 527 2254 ne
562 2229 585 2273 ,
650 2168 783 2254 vel
836 2199 1077 2254 causa
1129 2169 1373 2270 latis,
1437 2169 1501 2251 si
1558 2168 1863 2285 quibus
1924 2167 2562 2289 quomodolibet
2622 2165 3062 2254 innodatae
3111 2171 3468 2254 existunt
3529 2163 3633 2252 ad
3681 2162 3798 2252 ei?-

413 2285 729 2375 fectum
782 2290 1333 2402 praesentium
1385 2283 1811 2378 dumtaxat
1854 2320 2391 2408 consequen„
2438 2287 2731 2373 ha‘rum
2781 2291 2987 2375 serie
3050 2288 3569 2376 absolventes
3604 2350 3629 2394 ,
3701 2299 3800 2373 'et

416 2409 834 2495 absolutas
896 2406 1070 2496 fore
1118 2430 1545 2496 censentes
1581 2471 1605 2514 ,
1670 2410 2413 2523 supplicationibus
2473 2408 3104 2495 Venerabilium
3174 2408 3554 2494 Fratrum
3628 2406 3797 2492 No-

419 2553 774 2616 strorum
830 2529 907 2613 S.
953 2527 1049 2612 R.
1104 2529 1205 2616 Ε.
1260 2525 1726 2641 praedictae
1790 2527 2365 2642 Cardinalium
2446 2532 2806 2640 negociis
2884 2527 3472 2643 Propagandae
3521 2528 3627 2612 .F
3632 2523 3799 2613 idei

415 2651 1064 2764 praepositorum
1137 2648 1400 2734 Nobis
1462 2679 1709 2761 super
1769 2648 1929 2736 hoc
1992 2647 2415 2734 humiliter
2478 2652 2870 2761 porrectis
2931 2650 3372 2754 inclinati,
3457 2645 3791 2735 eosdem

424 2767 883 2855 Monachos
953 2768 1310 2856 Natione
1357 2768 1875 2886 Abyssinos,
1936 2799 2084 2856 seu
2137 2765 2638 2885 Aethiopes,
2705 2791 2788 2854 et
2864 2766 3236 2881 Coptos,
3298 2772 3471 2856 sive
3535 2772 3802 2881 Aegy-

419 2892 634 3005 ptios
710 2887 816 2974 ad
866 2892 1463 3003 possessionem
1532 2887 1905 3004 ejusdem
1975 2888 2400 2984 Ecclesiae
2433 2952 2460 2995 ,
2525 2886 3136 3005 domorumque
3186 2889 3307 2974 illi
3357 2889 3800 2999 ,contigua-

418 3041 663 3113 rum,
732 3039 889 3096 nec
955 3039 1119 3096 non
1181 3008 1461 3114 horti,
1526 3033 1611 3096 et
1691 3007 2113 3112 viridarii,
2179 3010 2699 3128 aliorumque
2748 3039 3255 3096 annexorum
3320 3012 3802 3096 auctoritate

309 3166 316 3174 ·
428 3131 911 3242 Apostolica
965 3151 1251 3214 tenore
1313 3131 1868 3242 praesentium
1919 3126 2591 3241 redintegramus
2628 3193 2651 3235 ,
2719 3160 2867 3218 seu
2926 3147 3350 3248 quatenus¹
3409 3160 3613 3246 opus
3657 3131 3800 3233 sit,

418 3251 616 3364 ipsis
664 3246 1123 3338 Monachis·
1176 3279 1420 3336 usum
1488 3272 1976 3365 perpetuum
2047 3247 2317 3336 dictae
2366 3251 2790 3342 Ecclesiae
2839 3282 3034 3342 cum
3084 3249 3471 3338 domibus
3491 3314 3533 3357 .,
3615 3249 3803 3336 hor.-

422 3393 567 3475 to,
634 3366 1024 3464 viridario
1056 3431 1080 3474 ,
1132 3369 1506 3487 aliisque.
1541 3373 1877 3460 annexis
1960 3368 2500 3485 hujusmodi,
2570 3402 2720 3459 neo
2777 3383 2944 3467 no'n
2985 3370 3524 3488 Cappellania
3573 3401 3800 3486 prae-

420 3489 642 3580 dicta
704 3489 1265 3607 omnibusque
1310 3512 1398 3578 et
1442 3491 1787 3602 singulis
1845 3490 2171 3606 juribus
2208 3491 2592 3598 ,salariis
2626 3556 2655 3596 ,
2719 3511 2803 3579 et
2863 3494 3492 3596 emolumentiS,
3559 3493 3807 3577 etiam

426 3645 469 3697 a
523 3610 839 3727 Palatio
891 3631 1169 3698 nostro
1228 3611 1711 3725 Apostolico
1748 3615 1997 3725 ‘iuxta
2076 3634 2348 3703 tamen
2420 3615 2795 3697 notulam
2855 3644 3002 3726 per
3061 3612 3464 3701 dilectum
3533 3608 3811 3698 filium

424 3730 824 3818 Nostrum
877 3728 1372 3817 modernum
1418 3732 1642 3852 illius
1716 3729 2241 3818 Praefectum
2320 3725 3186 3846 desuper-confectam
3233 3731 3807 3849 praebendis,
3921 3727 3930 3738 ’

426 3853 773 3971 aliisque
824 3850 1339 3958 honoribus,
1388 3869 1495 3939 'et
1526 3852 1945 3942 'oneribus'
1995 3852 2305 3960 solitis,
2361 3873 2444 3938 et
2522 3858 2928 3940 consuetis
2960 3918 2991 3960 ,
3053 3886 3164 3941 ao
3213 3856 3524 3973 quibus
3605 3852 3809 3939 dicti

430 3974 851 4060 Silverius
884 3972 1373 4085 Presbyter,
1392 3996 1497 4068 :et
1545 3973 1897 4066 Marcus
1920 3975 2342 4062 Antonius
2394 3971 2863 4060 cardinalis
2911 3973 3543 4095 quomodolibet
3591 3981 3811 4059 frue-

408 4090 737 4178 bantur
761 4114 795 4196 ‚'
857 4116 941 4180 et
989 4091 1151 4182 frui
1204 4114 1639 4208 poterant,
1701 4125 1807 4180 ao
1843 4092 2400 4204 gravabantur
2449 4098 2928 4208 respective,
2982 4100 3517 4203 auctoritate,
3558 4120 3640 4182 et
3689 4117 3807 4181 te-

432 4241 636 4298 nore
681 4214 1131 4327 praesentis
1181 4210 1465 4296 denuo
1545 4212 2128 4321 concedimuS,
2196 4238 2277 4300 et
2358 4218 2915 4325 assignamus,
2982 4247 3285 4334 eosque
3364 4212 3446 4301 in
3529 4217 3807 4302 locum

436 4333 804 4446 ipsorum
860 4332 1187 4417 Silverii
1237 4330 1762 4444 Presbyteri,
1841 4356 1924 4420 et
1969 4335 2228 4420 Marci
2296 4334 2640 4420 Antonii
2724 4335 3184 4422 Cardinalis
3256 4334 3531 4455 quoad
3582 4367 3809 4451 prae--

438 4455 685 4540 missa
738 4453 821 4537 in
880 4451 1325 4559 omuibus,
1373 4474 1461 4538 et
1509 4483 1655 4567 per
1700 4455 2604 4550 omniasubstituimus
2642 4519 2665 4563 ,
2717 4479 2802 4546 et
2850 4459 3387 4568 subrogamus
3425 4524 3448 4566 ,
3504 4464 3614 4545 ita
3683 4480 3812 4542 ta-

434 4603 626 4666 men
662 4636 691 4680 ,
779 4595 873 4658 ut
920 4570 1265 4688 praefati
1326 4570 1720 4664 Monaehi
1799 4573 2115 4664 ibidem
2176 4597 2327 4689 pro
2416 4601 2788 4692 tempore
2831 4582 3262 4668 existentes
3339 4576 3815 4666 festivitates

438 4695 935 4786 Sanctorum
991 4692 1445 4809 Stephani,
1506 4695 1590 4784 et
1658 4695 1979 4788 silvei-ii
2057 4700 2282 4811 juxta
2341 4694 2960 4810 dispositionem
3027 4696 3402 4813 ejusdem
3489 4702 3814 4787 Silverii

439 4813 908 4928 Presbyteri
960 4813 1402 4930 quotannis
1453 4816 1871 4916 celebrare
1920 4839 2413 4920 teneantur,
2477 4850 2573 4904 ac
2637 4818 3314 4931 Congregationis
3399 4852 3814 4911 memora-

441 4955 709 5019 torum
763 4931 1335 5021 Cardinalium
1368 5000 1395 5038 ,
1459 4929 1848 5055 illiusque
1926 4936 2325 5024 Praefecti
2403 4969 2550 5053 pro
2609 4961 2974 5054 tempore
3035 4944 3340 5055 pariter
3401 4947 3815 5032 existentis

439 5052 929 5162 directioni,
994 5075 1081 5142 et
1127 5058 1627 5170 protectioni
1660 5057 2054 5165 subsint,
2096 5061 2417 5175 ipsique
2456 5057 3004 5174 Congregatio
3054 5059 3624 5151 Cardinalium
3656 5131 3679 5173 ,
3736 5091 3817 5154 et

439 5173 915 5262 Praefectus
965 5171 1364 5289 deputare
1411 5173 1682 5263 valeat
1760 5167 2023 5264 unum
2078 5210 2175 5266 ex
2226 5176 2468 5265 dictis
2535 5177 2966 5268 Monachis
3049 5184 3473 5302 aliumque
3533 5220 3819 5305 quern-

441 5327 805 5416 cumque
855 5293 1631 5402 Administratorem
1679 5328 1829 5384 seu
1878 5299 2311 5402 Rectorem
2398 5300 2826 5388 Ecclesiae
2909 5303 3374 5418 praefatae,
3453 5312 3598 5425 qui
3665 5311 3818 5397 lin-

441 5449 690 5530 guam
743 5417 1240 5530 Abyssinam
1279 5481 1302 5525 ,
1354 5449 1499 5508 seu
1552 5416 2185 5536 Aethiopicam,
2249 5443 2331 5506 et
2382 5419 2814 5537 Copticam
2856 5484 2877 5529 ,
2943 5428 3115 5509 sive
3167 5426 3751 5541 Aegyptiacam
3796 5499 3817 5539 ,

445 5569 599 5624 nec
653 5570 833 5626 non·
878 5538 1319 5652 Arabicam
1365 5537 1873 5631 sufficienter
1920 5541 2231 5628 calleat
2268 5579 2299 5643 ,-
2332 5574 2452 5648 βο
2530 5545 2957 5658 epistolas,
3025 5544 3388 5662 aliasque
3450 5556 3819 5669 scriptu·
3955 5577 3962 5586 ·

447 5690 635 5769 raS,
692 5663 1575 5869 {Luaelelx‘Aegyth
1677 5662 1813 5755 vel
1895 5660 2333 5782 Aethiopia
2427 5661 2537 5770 lad
2593 5662 2996 5869 teamlglem
3075 5663 3819 5796 Congregationem

767 5812 925 5866 om.
1030 5844 1051 5865 .
