4834 6409
1024 390 1203 504 374

1025 510 1203 623 ipse
1272 503 1560 593 Abbas
1611 567 1634 611 ,
1700 502 1835 593 vel
1907 507 2086 619 ejus
2154 503 2535 590 Vicarius
2602 503 3005 617 praeerit:
3079 535 3241 623 non
3299 529 3571 592 tamen
3642 502 4035 611 celebrari
4097 501 4411 618 poterit

1019 628 1576 741 „Congregatio
1632 625 2117 733 Provinciae
2155 686 2180 728 ,
2248 626 2400 708 nisi
2466 622 2571 710 de
2624 654 2842 710 anno
2894 627 2980 709 in
3034 657 3348 712 annum
3402 651 3488 712 et
3548 633 3724 742 ipso
3790 623 4125 708 Abbate
4174 649 4411 736 prae·

1027 771 1280 835 sente.
1336 746 1521 830 VII.
1584 748 1667 831 Si
1729 747 2008 830 Abbas
2058 744 2539 831 Monasterii
2593 742 3092 850 decesserit„
3143 747 3527 834 Vicat-ius
3591 764 3939 832 mortem
4005 745 4186 857 ejus
4240 752 4409 826 tam

1026 869 1335 954 Abbati
1415 868 1962 974 Provinciae,
2033 897 2280 982 quam
2361 866 2670 949 Abbati
2724 864 3113 951 Generali
3199 871 3467 954 statim
3540 862 4093 978 significabit,
4156 882 4242 948 et
4290 862 4420 945 in-

1033 993 1270 1075 terim
1324 990 1918 1074 Monasterium
1971 984 2583 1071 administrabit
2671 984 3095 1103 usquead
3152 992 3349 1073 novi
3426 987 3780 1081 Abbatis
3846 976 4333 1072 electionem
4385 1041 4414 1084 ‚

1029 1132 1116 1193 et
1185 1107 1659 1194 adventum.
1728 1106 1980 1214 Quod
2032 1110 2096 1190 si
2156 1106 2529 1189 Vicarius
2580 1109 2662 1189 in
2721 1107 2863 1189 illo
2918 1107 3420 1194 Monasterio
3477 1137 3637 1192 non
3691 1104 3969 1208 fuerit,
4016 1124 4223 1189 tunc
4272 1132 4419 1188 an·

975 1231 1340 1345 'tiquior
1410 1225 1910 1344 professione
1963 1227 2337 1310 Vicarius
2411 1228 2617 1336 erit3
2682 1251 2761 1313 et
2820 1230 3041 1312 inter
3119 1229 3499 1345 aequales
3567 1223 4068 1340 professione
4116 1284 4143 1330 ,
4208 1223 4422 1308 anti-

1030 1352 1272 1463 quior
1323 1354 1582 1433 aetat'e
1649 1347 2312 1461 praeferatur,‘et
2364 1345 2761 1433 Sacerdos
2816 1376 2978 1431 non
3034 1345 3481 1434 Sacerdoti.
3521 1347 3861 1431 Mortuo
3912 1367 4194 1430 autem
4242 1341 4422 1429 Ab·

1031 1468 1224 1554 bate
1309 1469 1793 1553 Provinciae
1831 1532 1858 1570 ,
1924 1466 2207 1550 Abbas
2259 1467 2482 1549 illius
2534 1467 3012 1551 Monasterii
3054 1530 3077 1573 ,
3144 1471 3227 1551 in
3313 1498 3481 1585 quo
3545 1462 3897 1552 residere
3966 1464 4172 1550 solet
4222 1525 4247 1569 ,
4311 1457 4425 1559 ad

1038 1587 1454 1672 Abbatem
1520 1586 2010 1673 Generalem
2046 1587 2341 1672 -literas
2391 1586 2696 1670 scribat
2738 1621 2756 1669 ε
2821 1617 3066 1671 nemo
3116 1610 3386 1674 tamen
3444 1590 3526 1671 in
3582 1589 3761 1697 ejus
3809 1579 4087 1670 officio
4135 1614 4221 1669 se
4269 1583 4425 1666 im·-

1038 1708 1473 1810 miscebit,
1541 1707 1807 1792 donec
1864 1706 2144 1789 Abbas
2194 1704 2624 1789 Generalis
2677 1707 2759 1790 in
2833 1705 3491 1818 Congregatione
3560 1707 4246 1818 Hegumenorum
4314 1699 4426 1787 de

1037 1856 1506 1912 successore
1542 1892 1565 1934 ,
1635 1849 1776 1912 aut
1819 1827 2158 1909 'Vicario
2221 1823 2708 1925 decreverit.

2432 2065 2503 2149 C
2571 2068 2644 2149 A
2709 2066 2801 2148 P.
2927 2063 3028 2149 V.

1853 2244 1862 2253 ·
1947 2306 2087 2389 De
2147 2270 2814 2424 Coizgregatione
2863 2301 3514 2390 Hebdomadali.

1165 2546 1226 2629 l.
1294 2545 1389 2630 In
1450 2545 1817 2663 qualibet
1865 2539 2390 2628 hebdomada
2445 2575 2592 2655 per
2642 2546 2913 2628 omnia
2967 2543 3461 2630 Monasteria
3514 2542 3711 2632 feria
3764 2568 4027 2650 sexta,
4076 2565 4222 2630 aut
4267 2544 4429 2630 alia

1044 2662 1180 2752 die
1237 2697 1395 2750 non
1453 2664 1873 2779 impedita,
1910 2660 2391 2775 debet-fieri
2446 2663 2997 2774 Congregatio
3047 2669 3422 2749 omnium
3461 2662 4097 2751 Monachorum.
4152 2658 4433 2750 ILSe·

1043 2781 1439 2870 dentibus
1489 2787 1875 2870 omnibus
1923 2845 1949 2884 ,
2013 2806 2099 2868 et
2149 2782 2502 2869 Novitiis
2551 2846 2577 2887 ,
2643 2786 2705 2866 si
2759 2785 2906 2899 qui
2957 2807 3205 2872 eruut
3254 2845 3278 2890 ,
3346 2786 3753 2870 stantibus
3803 2847 3832 2886 ,
3896 2783 4227 2889 Abbas,
4280 2813 4431 2869 seu

1041 2906 1422 3003 Vicat-ius
1499 2902 1811 3024 aliquid
1870 2935 1967 2988 ex
2046 2903 2273 2985 libris
2326 2902 2887 3016 spiritualibus
2938 2902 3205 3014 legat,
3271 2904 3404 2991 vel
3460 2906 3610 3015 legi
3663 2901 3911 2989 faciat
3984 2901 4089 2988 ad
4141 2903 4434 2986 Mona-

1051 3024 1270 3109 chos.
1341 3026 1490 3108 Ill.
1573 3021 1902 3110 Deinde
1966 3020 2392 3140 (Novitiis
2465 3020 2676 3106 foras
2759 3020 3176 3141 dimissis)
3236 3021 3457 3110 idem
3546 3024 3886 3129 Abbas,
3952 3053 4098 3108 seu
4189 3018 4436 3107 Vica'·

971 3183 980 3192 ·
1051 3148 1217 3227 rius
1267 3143 1510 3229 faciat
1559 3145 1892 3228 brevem
1945 3140 2592 3228 exhortationem
2663 3165 2943 3227 contra
3011 3140 3381 3230 defectus
3432 3146 3512 3227 in
3568 3140 4073 3227 Monasterio
4146 3157 4437 3227 occur-

1055 3265 1719 3369 renteS,.nullam
1768 3286 2045 3346 tamen
2100 3292 2531 3374 personam
2582 3263 3115 3349 nominanda
3173 3264 3315 3347 IV.
3372 3260 3779 3347 Absoluta
3841 3260 4429 3370 exhortatione,

1056 3382 1343 3466 Abbas
1407 3406 1625 3466 stans
1675 3444 1701 3485 ,
1769 3381 2103 3495 reliquis
2173 3382 2627 3490 genuflexis
2664 3444 2689 3488 ,
2769 3379 3048 3468 dicat:
3118 3385 3356 3468 Deus
3419 3388 3918 3467 misereatur
3965 3386 4285 3487 nostri,
4352 3401 4436 3463 et

1052 3498 1430 3585 dimittat
1490 3500 1773 3584 debita
1821 3519 2103 3583 nostra
2131 3562 2158 3600 ‚
2217 3517 2296 3582 et
2344 3504 2661 3603 tribuat
2710 3502 2956 3586 ,nobis
3004 3501 3609 3586 absolutionem
3644 3562 3667 3604 ,
3719 3520 3801 3585 et
3862 3506 4197 3584 veniam
4244 3529 4434 3582 om-

1055 3626 1294 3704 nium
1335 3640 1871 3734 peccatorum
1921 3637 2412 3703 nostrorum.
2486 3622 2592 3705 In
2640 3628 2975 3719 nomin-e
3027 3625 3316 3708 Patris
3380 3639 3463 3704 et
3536 3623 3759 3706 Filii
3791 3621 3894 3724 ›X‹
3934 3641 4017 3703 et
4061 3620 4432 3732 Spiritus

1054 3742 1370 3824 Sancti.
1426 3741 1771 3826 Fratres.
1837 3739 2139 3822 Amen.
2194 3740 2308 3822 Et
2358 3756 2767 3851 surgunt,
2836 3747 3182 3861 ejusque
3247 3773 3586 3827 manum
3640 3739 4275 3842 deosculantur,
4345 3756 4437 3822 et

1058 3857 1164 3945 ad
1215 3892 1399 3946 suas
1452 3863 2048 3975 uniuscuisque
2099 3859 2346 3946 cellas
2411 3861 2745 3948 abeunt.
4160 3892 4165 3897 ·

2426 4100 2495 4183 c
2567 4103 2639 4185 A
2708 4102 2799 4185 P.
2923 4054 3127 4188 vl.

2122 4341 2257 4425 De
2306 4339 2739 4426 Electione
2787 4348 2875 4426 in
2928 4352 3383 4430 communi.

1075 4610 1079 4614 ·
1181 4581 1249 4663 I.
1319 4580 1452 4665 Ab
1516 4580 1916 4667 electione
1968 4603 2133 4665 tam
2187 4579 2475 4665 Activa
2516 4645 2539 4687 ,
2607 4614 2856 4699 quam
2910 4586 3230 4669 Passiva
3287 4587 3367 4669 in
3423 4585 3799 4699 quolibet
3859 4581 4135 4669 officio
4188 4579 4439 4668 Ordi-

1021 4703 1184 4784 *πίε
1238 4703 1545 4805 nostri,
1612 4696 1879 4787 donec
1930 4728 2126 4786 cum
2176 4730 2276 4784 eo
2325 4697 2579 4786 fuerit
2638 4703 3199 4816 dispensatum
3264 4705 3725 4816 specialiter
3759 4766 3784 4809 ,
3863 4717 4190 4788 arcetur
4257 4735 4433 4787 om·

1057 4823 1186 4905 nis
1235 4822 1993 4906 excommunicatus
2028 4883 2053 4925 ,
2120 4850 2614 4931 suspensus,
2669 4823 3156 4908 interdictus
3208 4886 3231 4928 ,
3300 4824 3765 4932 irregularis
3812 4885 3840 4928 ‚
3908 4855 4073 4909 non
4128 4820 4435 4937 profes-‘-

1057 4972 1193 5024 sus
1231 5003 1254 5044 ,
1306 4965 1389 5028 et
1440 4943 1585 5058 qui
1637 4971 1802 5027 non
1854 4941 2134 5026 subest
2191 4962 2510 5024 nostrae
2542 4940 3229 5053 Congregationi,
3293 4947 3607 5029 etiamsi
3660 4941 3908 5028 suerit
3974 4939 4440 5027 Monachus

1061 5058 1469 5175 professus
1522 5059 1862 5145 Ordinis
1936 5061 2015 5145 S.
2083 5061 2346 5143 Patris
2414 5065 2664 5144 nostri
2717 5066 3112 5146 Antonii:
3183 5069 3376 5179 item
3430 5066 3575 5180 qui
3630 5063 3735 5148 ab
3788 5059 4111 5147 Ordine
4165 5084 4442 5147 nostro

1065 5182 1702 5290 apostataverit,
1767 5205 1850 5266 et
1914 5185 2057 5298 qui
2125 5180 2229 5264 ab
2298 5179 2441 5263 illo
2505 5178 2607 5265 ad
2677 5183 2932 5266 alium
2987 5181 3395 5269 Ordinem
3448 5246 3471 5287 ,
3549 5188 3792 5269 etiam
3850 5213 4041 5267 cum
4106 5182 4440 5267 licentia

1067 5300 1600 5412 Superiorum
1661 5304 2093 5403 transivit,
2158 5330 2310 5386 nec
2387 5324 2661 5414 postea
2751 5300 2854 5385 ad
2911 5306 3277 5389 nostrum
3333 5300 3599 5388 rediit.
3668 5303 3923 5405 Item,
3988 5303 4135 5417 qui
4187 5298 4441 5385 habet

1061 5417 1749 5534 impedimentum
1818 5419 2190 5507 naturale
2240 5483 2265 5527 ,
2331 5443 2427 5505 ut
2490 5417 2828 5525 fatuus,
2893 5417 3203 5508 delirus
3252 5486 3275 5528 ,
3345 5422 3779 5506 lunaticus.
3847 5422 4053 5507 Item
4120 5420 4265 5535 qui
4317 5429 4440 5502 est

1063 5543 1378 5627 notorie
1431 5537 1928 5625 infamis'ob
1978 5540 2411 5661 publicum
2469 5537 2868 5661 delictum
2906 5542 2936 5645 ,
3006 5566 3101 5629 ut
3160 5566 3288 5631 est
3339 5540 3907 5648 homicidium,
3977 5538 4436 5638 fornicatio,
