4834 6409
3620 442 3735 538 23

410 594 556 664 aut
601 568 897 662 eorum'
932 633 958 680 ,
1023 568 1247 686 apud
1312 552 1522 688 quos
1577 566 2194 675 educarentur,
2246 574 2341 656 et
2378 571 2997 655 instruerentur
3039 562 3156 655 de
3183 564 3510 654 ‘eoru'm²
3555 482 3792 675 vitaz

410 684 497 782 et
541 695 915 781 moribus
942 756 997 798 ,.
1035 725 1130 779 ac
1177 689 1265 777 in
1316 691 1680 778 scientiis
1741 686 2252 804 profectibus
2287 754 2317 794 ,
2385 721 2539 776 nec
2618 688 2738 774 eis
2822 686 3157 806 aliquod
3201 688 3580 772 obstaret
3637 689 3795 773 im·-

350 812 355 819 ’
409 810 989 931 pedimentum
1038 813 1502 927 promoveri
1543 873 1568 916 ,
1620 833 1709 897 et
1734 813 2110 925 ‚promoti
2156 813 2245 895 in
2301 811 2463 894 illis
2525 804 2796 895 etiam‘
2837 810 2925 892 in
2979 809 3286 893 Altaris
3330 807 3793 926 ministerio

412 936 878 1020 ministrare
926 932 1184 1019 libere
1220 996 1250 1036 ,
1312 954 1399 1016 et
1459 931 1682 1016 licite
1720 956 2063 1045 possent
2095 994 2120 1038 ,
2187 952 2272 1016 et
2317 931 2691 1018 valerent
2725 990 2757 1031 ,
2819 932 3305 1013 auctoritate
3374 929 3790 1039 Apostoli·-

421 1084 515 1140 ca
552 1054 727 1161 ³sub
780 1055 1020 1139 certis
1068 1050 1370 1154 mod0,
1439 1074 1521 1137 et
1568 1048 1828 1136 forma
1882 1052 2526 1163 tunc-expressis
2578 1049 3037 1155 concessit,
3096 1043 3636 1152 et'indulsit,
3704 1072 3789 1134 et

412 1175 619 1258 alias
671 1196 916 1288 prout
965 1176 1051 1258 in
1100 1169 1539 1287 praedictis
1573 1170 1931 1258 'Urbani
1971 1169 2627 1257 praedecessoris
2680 1169 2935 1252 literis
2997 1166 3349 1281 desuper
3398 1168 3482 1252 in
3539 1170 3786 1261 simili
4146 1276 4174 1282 -

417 1289 676 1379 forma
733 1292 1013 1378 Brevis
1064 1291 1200 1378 die
1257 1290 1389 1376 18.
1428 1290 1629 1376 Maii
1701 1294 1952 1409 1637.
2002 1288 2399 1405 expeditis
2464 1288 2791 1402 plenius
2854 1292 3348 1374 continetur.
3489 1336 3496 1343 ·
3857 1279 4034 1349 Haeo
4058 1307 4173 1351 ¹²⁰·

420 1484 431 1495 .
536 1419 612 1515 §-
669 1445 747 1497 α.
802 1409 1022 1498 Cum
1055 1434 1329 1498 autem
1352 1474 1377 1516 ,
1405 1413 1627 1499 sicut
1662 1411 1952 1501 eadem
1989 1410 2382 1525 expositio
2417 1407 2979 1523 subjungebat
3014 1406 3283 1495 dictus
3313 1405 3785 1494 Matthaeus
3809 1465 3912 1552 gio
3964 1480 4140 1532 extra

411 1531 897 1646 privilegia,
954 1564 1100 1618 seu
1150 1529 1488 1616 Indulta
1565 1530 1980 1645 praedicta
2049 1528 2155 1616 ad
2206 1531 2637 1634 alumnos,
2697 1547 2783 1613 et
2841 1531 3350 1616 convictores
3437 1526 3786 1637 Collegii
3810 1556 4141 1645 Neapolim

419 1651 714 1738 Sacrae
766 1653 1159 1739 Familiae
1206 1650 1406 1737 Jesu
1455 1648 1765 1736 Christi
1818 1648 2296 1767 hujusmodi
2346 1680 2494 1764 per
2546 1679 2695 1733 nos
2743 1645 3135 1757 extendi,
3187 1671 3440 1766 atque
3491 1645 3784 1734 iisdem
3811 1645 4076 1756 fundatq

406 1768 767 1857 concedi
819 1802 1341 1886 summopere
1391 1768 1828 1883 desideret3
2336 1782 2347 1793 '
3810 1739 4075 1896 aaz&

537 1888 608 1989 S.
661 1893 746 1975 3.
798 1890 972 1977 Nos
1019 1893 1173 2004 piis
1224 1887 1594 2004 ejusdem
1651 1889 2046 1980 Matthaei
2108 1893 2320 1980 votis
2401 1888 2558 1975 hac
2608 1891 2689 1974 in
2747 1921 2836 1977 re
2905 1912 3307 2009 quantum
3362 1919 3550 1975 cum
3621 1887 3788 1974 Do·
3812 1856 4136 2013 sugplica-

416 2009 649 2109 mino
699 2042 1130 2125 possumus
1178 2006 1737 2097 favorabiliter
1798 2043 2165 2098 annuere
2226 2011 2638 2115 volentes,
2704 2042 3067 2128 eumque
3103 2074 3127 2114 ,
3192 2033 3274 2095 et
3337 2010 3717 2095 alumnos
3753 2027 3968 2117 ,tum-

417 2159 514 2214 ac
566 2133 1076 2216 convictores
1124 2127 1494 2215 secundo
1541 2126 1744 2218 dicti
1797 2131 2149 2242 Collegii
2202 2129 2682 2245 hujusmodi
2730 2165 2774 2216 a
2827 2132 3264 2247 quibusvis
3314 2159 3787 2215 excommu-

294 2348 301 2354 ,
421 2251 856 2335 nicationis
887 2313 911 2356 ,
975 2252 1572 2363 suspensionis,
1635 2275 1719 2337 et
1769 2251 2241 2358 interdicti,
2294 2252 2640 2368 aliisque
2688 2251 3286 2359 Ecclesiasticis
3334 2255 3786 2357 sententiis,

319 2434 326 2455 .
419 2374 785 2455 censuris
820 2434 851 2474 ,
913 2394 996 2456 et
1054 2373 1336 2484 poenis
1385 2403 1427 2454 a
1478 2374 1661 2483 jure
1697 2438 1721 2477 ,
1791 2374 1924 2459 vel
1976 2373 2081 2458 ab
2131 2371 2471 2457 homine
2523 2374 2812 2487 quavis
2862 2372 3290 2465 occasione
3329 2431 3354 2474 ‚
3409 2370 3544 2486 vel
3595 2401 3788 2456 cau-

421 2518 504 2574 sa
559 2489 790 2595 latis,
845 2494 907 2575 si
963 2491 1269 2609 quibus
1333 2491 1963 2606 quomodolibet
2011 2489 2384 2577 innodati
2432 2495 2844 2595 existunt,
2915 2487 3036 2576 ad
3088 2486 3483 2575 effectum
3570 2520 3795 2601 prae-

417 2613 778 2694 sentium
831 2608 1258 2697 dumtaxat
1309 2609 1991 2729 consequendum
2041 2610 2333 2695 harum
2385 2611 2592 2695 serie
2623 2609 3197 2714 absolventes,
3250 2631 3334 2694 et
3367 2610 3793 2695 absolutos

419 2724 596 2815 fore
651 2755 1075 2818 censentes
1112 2795 1169 2839 „
1202 2729 1943 2844 supplicationibus
2011 2734 2189 2843 ejus
2243 2732 2579 2815 nomine
2631 2729 2870 2813 nobis
2933 2759 3180 2841 super
3243 2726 3400 2813 hoc
3453 2727 3794 2813 humili-

420 2869 547 2933 ter
597 2853 990 2964 porrectis
1030 2851 1400 2935 inclinati
1441 2911 1468 2950 ‚
1521 2846 1626 2935 de
1675 2851 1891 2936 Ven.
1943 2848 2288 2937 fratrum
2331 2872 2794 2934 nostrorum
2848 2849 2926 2931 S.
2955 2848 3048 2931 R.
3074 2848 3175 2931 E.
3218 2846 3793 2934 Cardinalium

423 2966 1406 3081 negotiis-Propagandae
1457 2967 1691 3055 Fidei
1746 2973 2395 3085 praepositorum
2487 2969 2882 3074 consilio3
2948 2969 3371 3083 privilegia
3422 2971 3506 3057 in
3561 2998 3794 3084 prae-

427 3083 670 3171 dictis
746 3089 1074 3195 Urbani
1147 3084 1797 3178 praedecessoris
1875 3092 2127 3179 literis
2210 3112 2652 3194 contenta,
2742 3087 2846 3178 ad
2897 3086 3338 3181 modernos
3391 3152 3413 3194 ,
3493 3113 3575 3174 et
3642 3120 3794 3202 pro

425 3227 798 3321 tempore
858 3212 1288 3294 existentes
1339 3207 1798 3321 collegiales
1851 3211 2198 3320 Collegii
2256 3216 2550 3301 Sacrae
2602 3209 2998 3295 Familiae
3043 3207 3242 3293 Jesu
3294 3206 3602 3296 Christi
3655 3208 3797 3295 Ci-

429 3329 706 3413 vitatis
767 3326 1285 3442 Neapolitan.
1345 3329 1727 3416 Sinenses
1763 3393 1788 3436 ,
1868 3354 1951 3416 et
2023 3329 2126 3416 ad
2181 3361 2371 3437 eos,
2450 3331 2594 3447 qui
2648 3360 2742 3416 ex
2798 3326 3798 3440 Regionibus·lndiarum

426 3444 917 3535 advenerint
966 3446 1387 3534 dumtaxat
1450 3449 2021 3555 extendimus,
2099 3471 2350 3568 atque
2429 3447 2719 3535 iisdem
2772 3447 3306 3540 concedimus
3341 3511 3367 3555 ,
3435 3482 3733 3563 nempe
3768 3513 3794 3558 ,

425 3591 522 3659 ut
572 3570 721 3682 ipsi
775 3569 1088 3686 absque
1165 3570 1419 3656 literis
1471 3567 2148 3657 dimissorialibus
2216 3600 2558 3658 suorum
2626 3567 3260 3655 Ordina'riorum
3299 3630 3324 3674 ‚
3404 3592 3488 3655 et
3549 3572 3799 3656 etiam

425 3690 604 3776 sine
654 3690 896 3777 titulo
946 3688 1341 3777 Beneficii
1399 3690 1945 3780 Ecclesiastici
1981 3754 2005 3796 ,
2071 3687 2216 3777 sed
2271 3686 2377 3775 ad
2431 3690 2766 3774 titulum
2844 3713 3171 3780 tantum
3220 3690 3627 3781 Missionis
3667 3752 3691 3796 ,
3745 3723 3793 3777 a

425 3839 961 3927 quocumque
1038 3841 1287 3927 quem
1359 3812 1857 3919 maluerint,
1924 3809 2329 3896 catholico
2384 3811 2777 3896 Antistite
2826 3808 2930 3895 ad
2981 3808 3338 3928 quatuor
3387 3814 3793 3917 minores,

429 3933 673 4014 etiam
726 3932 978 4015 unico
1028 3931 1321 4017 festivo
1356 3994 1385 4035 ,
1447 3932 1581 4019 vel
1631 3928 1973 4036 feriato,
2040 3961 2362 4017 necnon
2455 3929 2858 4036 etiamad
2914 3932 3200 4016 Sacros
3236 3992 3260 4036 ,
3316 3953 3397 4016 et
3448 3931 3802 4042 Presby-

429 4068 740 4132 teratus
806 4046 1167 4134 Ordines
1218 4051 1485 4134 tribus
1534 4052 2000 4138 Dominicis
2037 4114 2062 4158 ,
2115 4083 2263 4137 seu
2313 4050 2493 4136 aliis
2553 4048 2918 4157 festivis,
2979 4073 3065 4137 et
3126 4053 3537 4164 continuis
3573 4112 3598 4155 ,
3662 4050 3801 4137 vel

430 4165 938 4281 interpolatis
990 4165 1286 4253 diebus
1354 4173 1597 4262 etiam
1653 4194 1872 4257 extra
1954 4195 2318 4283 tempora
2395 4168 2502 4255 ad
2554 4168 2640 4255 id
2690 4203 2732 4255 a
2784 4176 2968 4285 jure
3042 4193 3338 4258 statuta
3378 4231 3402 4277 ,
3469 4193 3553 4256 et
3629 4201 3799 4255 non

430 4288 767 4403 servatis
817 4289 1269 4373 interstitiis
1318 4323 1361 4376 a
1416 4291 1663 4375 Sacro
1699 4288 2081 4383 Concilio
2116 4287 2614 4380 Tridentino
2664 4287 3105 4402 designatis
3139 4353 3164 4396 ‚
3204 4291 3569 4406 annique
3618 4320 3803 4375 cur·

429 4405 696 4492 riculo
740 4437 915 4511 ‘non
968 4431 1442 4522 expectato,
1502 4412 1815 4498 etiamsi
1846 4433 2297 4528 ,antequam
2349 4408 2456 4496 de
2512 4443 2678 4498 uno
2728 4408 2830 4496 ad
2883 4410 3138 4497 alium
3189 4405 3563 4494 ordinem
3616 4441 3805 4524 pro·

424 4544 918 4619 moveantur
952 4590 977 4633 ‚
1046 4532 1128 4613 in
1184 4532 1450 4642 primo
1499 4560 1836 4650 quoquc
1885 4553 2266 4645 suscepto
2318 4527 2641 4619 Ordine
2691 4562 2778 4618 se
2826 4533 3167 4620 minime
3215 4533 3727 4621 exercuerint
3760 4595 3792 4636 ,

426 4672 573 4739 aut
622 4649 974 4762 alicujus
1014 4648 1434 4743 Ecclesiae
1486 4647 2258 4769 servitio'adscripti
2314 4681 2483 4740 non
2532 4654 2702 4741 sint
2734 4714 2759 4757 ‚
2799 4647 3261 4737 dummodo
3310 4653 3803 4739 tamen-sint

428 4770 712 4856 aetatis
765 4768 1231 4881 legitimae,
1299 4764 1452 4859 nec
1534 4775 1649 4858 eis
1730 4767 1958 4863 aliud
2014 4772 2511 4863 canonicum
2560 4773 2832 4862 obstet
2904 4768 3651 4886 impedimentum,
3719 4797 3806 4858 et

414 4884 792 4983 ‚habeant
842 4890 1116 4981 literas
1151 4892 1741 4985 testimoniales
1806 4892 2312 5005 Rectorum,
2379 4912 2525 4977 aut
2572 4923 2861 4984 eorum
2912 4889 3134 5008 apud
3184 4923 3394 5010 quos
3443 4890 3805 4981 educau-

433 5026 626 5112 tur,
680 5026 763 5092 et
811 5010 1392 5119 instruuntur,
1456 5014 1983 5127 promoveri,
2047 5035 2131 5101 et
2203 5014 2559 5129 promoti
2609 5015 2719 5102 in'
2748 5012 2907 5098 illis
2939 5076 2971 5117 ,
3032 5016 3281 5104 etiam
3363 5014 3448 5098 in
3500 5011 3804 5103 Altaris

431 5126 895 5220 ministerio
941 5127 1403 5219 ministrare
1459 5132 1713 5221 libere
1762 5135 2133 5246 possint,
2185 5155 2269 5219 et
2312 5131 2697 5242 valeant,
2761 5135 2871 5219 ita
2921 5154 3249 5240 tamen,
3304 5155 3396 5219 ut
3444 5133 3808 5251 quoties-

436 5276 802 5365 cumque
853 5249 1278 5358 contingat
1352 5250 1670 5369 aliquos
1719 5282 1816 5338 ex
1865 5249 2155 5357 iisdem
2244 5251 2778 5361 Sinensibus,
2863 5275 2947 5342 et
2995 5252 3229 5340 Indis
3291 5249 3395 5339 ad
3448 5248 3810 5341 Ordines

420 5368 896 5490 promoveri
948 5364 1300 5476 debere,
1339 5394 1787 5490 antequam
1838 5403 1887 5461 e
1935 5370 2314 5483 Collegio
2363 5370 2892 5463 dimittantur
2924 5437 2951 5479 ,
3016 5370 3290 5460 dictus
3323 5370 3796 5461 Matthaeus

420 5484 883 5585 ‚modernus
920 5549 946 5596 ,
1009 5512 1094 5576 et
1140 5520 1291 5603 pro
1355 5513 1722 5609 tempore
1773 5493 2126 5581 existens
2190 5496 2658 5607 Superior,·
2700 5498 2767 5583 si
2833 5489 3085 5582 Sedes
3131 5491 3804 5611 Archiepiscopa·

434 5604 534 5728 lis
592 5606 1138 5734 Neapolitana
1186 5612 1294 5701 sit
1341 5606 1585 5737 plena
1627 5678 1651 5728 ‚
1721 5636 2099 5707 teneatur
2149 5642 2287 5707 eos
2337 5611 2691 5737 dirigere
2738 5647 2934 5711 cum
2985 5614 3640 5736 attestationibus
3699 5610 3810 5713 do

3813 2215 4119 2291 Concedit

3812 2318 4123 2384 Clemens.

3808 1395 3891 1439 vo
3918 1375 4134 1442 Colle·
4265 1416 4274 1425 ι
