4834 6409
3591 460 3625 516 1
3651 459 3683 516 1

441 555 709 642 Breve
768 545 1356 663 Apostolicum
1415 577 1584 667 quo
1629 563 2117 636 statuuntur
2172 565 2393 666 quae
2440 544 2830 664 Smyr-nis
2891 548 3302 637 servanda
3361 563 3551 632 sunt
3599 462 3748 642 det

472 747 477 752 .
578 667 1155 786 satisfactione
1197 671 1632 785 praecepti
1680 670 2109 784 pasc-Italis
2169 673 2405 756 circa
2471 668 2815 756 Galliae
2862 669 3110 793 Regis
3128 739 3140 752 .
3158 667 3556 762 subditos,

894 867 2021 1082 CLEMENS
2152 855 2821 1093 ωΡΑΡΑ4
2917 907 3256 1091 ΧΠ.

1381 1154 1537 1244 Ad
1573 1154 1985 1272 ficturam
2049 1162 2179 1244 rei
2241 1160 2762 1244 memoriam

522 1296 847 1482 Alias
897 1397 984 1482 in
1037 1395 1698 1508 Congregatione
1752 1397 1961 1484 Ven.
2016 1396 2399 1483 Fratrum
2465 1420 2929 1484 nostrorum
2981 1395 3062 1480 S.
3099 1396 3192 1482 R.
3226 1398 3329 1482 Ε.
3370 1395 3762 1484 Cardina-

395 1514 601 1599 lium
650 1518 997 1626 negotiis
1046 1516 1653 1631 Propagandae·
1702 1516 1936 1604 Fidei
1990 1521 2636 1631 praepositorum
2719 1546 2974 1631 super·
3023 1516 3422 1634 pluribus
3482 1515 3763 1603 dubiis

390 1633 817 1720 a-Vicario
866 1637 1345 1752 Apostolico
1397 1638 1796 1748 Smyrnae
1827 1702 1856 1740 ,
1918 1640 2135 1726 inter
2182 1638 2339 1725 alia
2386 1639 2851 1756 quaesitum
2927 1634 3141 1749 fuit3
3206 1663 3312 1723 a‘n
3393 1667 3765 1725 commu-

370 1754 537 1837 ·nio
582 1754 985 1869 paschalis
1055 1781 1518 1842 nautarum·
1580 1756 2010 1843 Gallorum
2047 1819 2072 1862 ,
2141 1761 2283 1876 qui
2363 1759 2449 1843 in
2504 1780 2752 1871 portu
2803 1754 3184 1868 ejusdem
3236 1760 3763 1872 reperiuntur

394 1868 603 1960 fieri·
652 1880 903 1989 possit
968 1873 1596 1982 indifferenter,
1660 1898 1834 1962 tam
1912 1879 1995 1961 in
2058 1877 2435 1964 Ecclesia
2507 1875 2855 1963 fratrum
2917 1874 3266 1965 Ordinis
3335 1882 3762 1966 minorum

394 1991 947 2082 S.-Francisci'
984 1995 1657 2110 Capuccinorum
1722 2019 2447 2111 nuncupatorum,
2515 2029 2765 2118 quam
2821 1999 2903 2083 in
2949 1999 3114 2084 alia
3177 1998 3528 2086 aliorum
3607 1997 3765 2086 Re·

394 2112 803 2223 gularium
858 2116 1285 2202 Societatis
1346 2114 1545 2201 Jesu
1570 2179 1601 2219 ,
1661 2119 1836 2203 sive
1887 2121 1969 2202 in
2024 2117 2174 2202 alia
2214 2180 2241 2223 ‚
2305 2143 2455 2203 aut
2507 2119 2588 2201 in
2643 2118 2907 2231 prima
2990 2117 3588 2206 tantummodo-.
3626 2147 3769 2236 pe·-

397 2230 751 2343 ragenda
816 2238 986 2323 sit?
1046 2258 1539 2321 emanarunt
1588 2234 2013 2323 decretum
2092 2240 2397 2324 tenoris
2460 2240 2604 2356 qui
2668 2239 3042 2356 sequitur
3126 2235 3562 2324 videlicet>z
3627 2235 3769 2324 de·

390 2370 715 2438 cretum
762 2354 1077 2442 Sacrae
1131 2359 1821 2474 Congregationis
1866 2355 2287 2472 generalis
2353 2355 2460 2442 de
2508 2355 3078 2475 Propaganda
3136 2358 3234 2445 F
3222 2355 3360 2440 ide
3419 2357 3766 2443 habitae

394 2468 533 2555 die
588 2476 723 2559 26.
768 2475 1175 2562 Januarii
1230 2481 1441 2560 anni
1484 2475 1744 2590 1733.
1794 2480 2091 2566 relatis
2131 2508 2289 2589 per
2335 2475 2654 2564 En‘zum
2683 2539 2708 2582 ‚
2794 2495 2878 2562 et
2925 2478 3237 2565 Rffium
3283 2478 3402 2564 D.
3464 2474 3768 2568 Cardi-

391 2591 672 2681 nalem
728 2595 1161 2681 Joannem.
1186 2598 1670 2709 Raptis-tam
1720 2593 1823 2682 de
1865 2593 2221 2680 Alter-iis
2256 2595 2646 2711 plzwibus
2671 2593 2973 2682 dubiis
3017 2600 3467 2712 propositis
3516 2626 3574 2682 a
3608 2595 3710 2686 V
3699 2600 3770 2680 i-

389 2717 629 2796 cat-io
654 2713 1152 2828 -Apostolico
1186 2718 1755 2833 Smyrnarum
1804 2713 2233 2801 inter-alia
2262 2714 2946 2834 quaesitumfhz‘t
2993 2735 3087 2800 ut
3119 2719 3501 2837 sequitur
3535 2745 3780 2800 nem--

390 2863 544 2947 pe:
613 2865 701 2920 se
753 2836 824 2922 la
877 2838 1379 2922 comunione
1428 2836 1817 2956 pasquale
1866 2832 2410 2923 de’marinari
2458 2832 2807 2922 francesi
2840 2896 2864 2941 ‚
2905 2832 3059 2921 che
3109 2838 3178 2920 si
3230 2857 3573 2922 trovano
3624 2836 3796 2922 nel'

389 2976 634 3065 porto
694 2951 781 3039 di
834 2958 1158 3043 Smirne
1208 2986 1440 3069 possa
1489 2953 1679 3041 sarsi
1728 2951 2542 3044 indifferentemente
2589 2977 2821 3041 tanto
2869 2955 3086 3043 nella
3115 2952 3415 3041 Chiesa
3466 2948 3778 3044 de’PP.'

396 3068 915 3187 Cappuccini
949 3140 976 3186 ‚
1039 3098 1353 3193 quanto
1402 3076 1489 3161 in
1541 3075 1815 3193 quella
1877 3072 2172 3161 de’PP.
2211 3075 2533 3162 Gesuiti
2565 3137 2589 3182 ,
2643 3105 2696 3160 o
2743 3076 2829 3162 io
2881 3074 3140 3188 altra3
3193 3104 3509 3194 oppure
3566 3072 3772 3162 deb—

395 3190 505 3276 ba
556 3190 743 3282 farsi
796 3224 942 3309 per
989 3192 1438 3280 soddisfare
1502 3195 1581 3280 al
1629 3217 1996 3310 precetto
2047 3196 2262 3283 nella
2311 3197 2578 3310 prima
2639 3195 3093 3282 solamente
3154 3225 3390 3281 come
3438 3224 3776 3309 parroc-

398 3308 582 3397 chia
618 3371 644 3414 ‚
705 3331 788 3396 et
837 3313 1048 3401 Ειῆἰ
1094 3318 1393 3404 Patres
1451 3312 2094 3430 responderunt:
2147 3314 2452 3400 dentur
2495 3312 2885 3401 decreta:
2956 3312 3436 3429 hujusmodi
3481 3339 3769 3404 ‘autem
3836 3379 3844 3386 -

397 3427 728 3519 decreta
773 3457 972 3521 sunt
1012 3436 1482 3553 sequentia
1564 3431 1975 3522 videlicet.
2040 3475 2099 3512 ·--·
2165 3438 2265 3523 In
2335 3433 2994 3546 Congregatione
3055 3435 3417 3544 generali
3481 3432 3771 3521 habita

401 3548 538 3640 die
592 3553 728 3639 23.
782 3551 1271 3645 Decembris
1327 3555 1570 3643 1630.
1625 3553 2030 3641 referente
2081 3554 2291 3642 Rfim
2339 3554 2708 3642 Domino
2738 3555 3161 3641 Torniello
3207 3556 3519 3642 litteras
3573 3583 3774 3640 con·-

399 3672 596 3756 sulis
646 3674 1046 3788 Smyrnae
1107 3677 1460 3762 nationis
1525 3672 1956 3760 Gallorum
2010 3669 2115 3761 de
2167 3671 2616 3762 Conventu
2649 3738 2679 3778 ,
2744 3696 2828 3761 et
2899 3674 3274 3762 Ecclesia
3333 3704 3488 3790 pro
3552 3671 3773 3792 Cap-
3863 3699 3880 3730 ⁸

399 3795 775 3907 puccinis
824 3798 906 3881 io
961 3827 1051 3884 ea
1106 3797 1313 3882 urbe
1365 3792 1864 3899 aedificatiS‚
1930 3791 2474 3913 ejusdemque
2536 3794 2897 3881 consulis
2966 3795 3436 3881 instantiam
3487 3817 3586 3882 ut
3647 3795 3775 3884 di·

403 3937 531 4000 ota
582 3914 957 4003 Ecclesia
1012 3915 1500 4031 parochialis
1556 3912 2019 4001 declaretur
2072 3946 2222 4028 pro
2272 3917 2607 4000 natione
2656 3912 3080 4021 Gallicana
3115 3978 3139 4023 ,
3172 3918 3418 4035 eique
3481 3911 3780 4003 adhae-

403 4034 839 4142 rentibus,
898 4068 1123 4123 sacra
1176 4034 1728 4146 Congregatio
1807 4031 2383 4120 commendata
2447 4037 2747 4120 iterum
2827 4036 3126 4149 pietate
3186 4031 3523 4148 praefati
3578 4065 3774 4120 conx-

401 4154 602 4238 sulis
662 4160 986 4251 censuit
1033 4153 1567 4241 scribendum
1651 4171 1821 4240 esse
1887 4154 2532 4270 Archiepiscopo
2583 4154 3117 4266 smyrnensi,
3184 4178 3276 4238 ut
3325 4177 3494 4238 tam
3546 4186 3691 4238 sua
3742 4217 3769 4260 ‚

425 4303 676 4388 quam
720 4276 1027 4360 Sacrae
1078 4274 1790 4384 ⁴l'..'·ongregationis
1861 4277 2401 4380 auctoritate,
2467 4271 2777 4360 dictam
2842 4273 3300 4368 Ecclesiam
3373 4271 3782 4387 Capucci-

409 4424 709 4480 nor-um
780 4393 1142 4481 declaret
1187 4391 1738 4510 parochialem
1790 4423 1937 4504 pro
1993 4398 2325 4481 natione
2374 4393 2753 4498 Gallica,
2816 4395 3059 4513 eique
3108 4390 3774 4485 adhaerentibus,

407 4512 504 4599 In
560 4513 1219 4626 Congregatione
1268 4512 1627 4625 generali
1690 4509 1967 4598 habita
2023 4512 2158 4600 die
2217 4546 2355 4599 ao.
2403 4517 2750 4622 Augusti
2815 4517 3061 4621 1640.
3105 4509 3505 4601 referente
3556 4513 3778 4603 Effio

402 4633 769 4722 Domino
819 4632 1262 4720 Cardinale
1300 4630 1565 4751 Spada
1606 4663 1935 4718 causam
1965 4657 2423 4720 vertentem
2476 4637 2692 4719 int'er.
2721 4632 3456 4749 Archiepiscopum
3501 4633 3780 4746 Smyr-

405 4787 743 4844 nenscm
774 4819 801 4862 ‚
855 4759 1199 4872 ejusque
1254 4755 1677 4840 Vicariurn
1726 4756 2193 4863 generalem
2248 4786 2345 4840 ex
2395 4786 2556 4839 una
2595 4817 2624 4858 ,
2674 4776 2755 4838 et
2810 4754 2965 4837 PP.
3021 4753 3542 4867 Capuccioos
3575 4754 3778 4840 Misa

406 4879 798 4976 sionatios
866 4873 1240 4991 ejusdcm
1288 4874 1519 4961 urbis
1568 4904 1664 4961 ex
1716 4875 1966 4961 altera
2042 4874 2468 4989 partibus,
2533 4896 2618 4961 et
2694 4875 3045 4960 rationes
3123 4872 3322 4960 hinc
3384 4871 3583 4962 inde
3632 4872 3788 4959 ad-

408 4993 697 5082 ductas
756 5027 1005 5110 super
1064 5000 1246 5105 iure
1295 4991 1784 5106 parochiali,
1824 4992 2048 5111 quod
2086 4993 2640 5108 praetendunt
2672 4991 3130 5105 Capuccioi
3181 4991 3490 5080 habere
3542 4996 3787 5079 ratio-

406 5147 517 5210 ne
565 5114 1043 5223 Ecclesiae,
1094 5145 1242 5201 seu
1289 5113 1681 5228 Capellae
1731 5110 2043 5200 domini
2098 5111 2204 5202 de
2256 5114 2438 5229 Puy
2488 5111 2876 5200 Consulis
2921 5115 3114 5225 galli
3167 5116 3248 5198 in
3306 5110 3594 5198 eadem
3642 5144 3788 5198 ur-

403 5237 517 5326 be
548 5300 575 5345 ,
629 5257 715 5324 et
758 5266 1007 5350 super
1054 5235 1422 5320 censuris
1468 5267 1510 5319 a
1563 5231 1987 5346 praedicto
2032 5233 2367 5321 Vicario
2416 5257 2699 5320 contra
2749 5233 3209 5349 praedictos
3260 5230 3782 5346 Capuccinos

408 5388 556 5473 per
604 5359 826 5444 viam
874 5352 1449 5443 declarationis
1496 5353 2030 5470 promulgatis
2094 5375 2517 5472 tamquam
2572 5378 3093 5471 usurpatores
3167 5354 3476 5468 jurium
3527 5382 3783 5466 paro-⁴

414 5475 872 5583 chialium.,
934 5479 1050 5574 eis
1118 5503 1579 5594 ‘eorumque
1628 5472 2106 5576 Ecclesiae,
2173 5506 2321 5561 seu
2383 5473 2773 5592 Capellae
2815 5506 3002 5561 non
3068 5475 3786 5590 competentium3

416 5595 658 5714 Sacra
708 5596 1260 5712 Congregatio
1320 5598 1517 5686 visis
1596 5591 1948 5684 decretis
2000 5595 2195 5682 alias
2272 5592 2507 5684 sactis
2571 5599 2787 5688 circa
2859 5591 3189 5684 dictam
3243 5591 3713 5682 'Ecclesiam
3752 5656 3778 5707 7
