4834 6409
1069 432 1252 516 106³

1058 547 1513 638 Decretum
1553 577 2129 640 renovatorum
2184 553 2789 669 praedictorum
2835 555 3388 647 Decretom'm
3438 556 3727 648 eadem
3763 558 4008 648 Sacra
4057 556 4427 670 Congre-

1056 673 1272 782 g'atio
1341 676 1755 789 praecepit
1834 673 2235 763 notificari
2276 679 2897 793 “Superioribus
2980 677 3530 767 Generalibus
3626 710 3915 767 eorum
4000 677 4427 772 Ordinum

1056 794 1302 877 etiam
1356 792 1782 881 Societatis
1828 796 2028 882 Jesu
2066 859 2091 903 ,
2157 828 2514 916 quorum
2562 800 2976 912 'Religiosi
3017 800 3726 890 Missionariomm
3765 830 4077 887 munus
4140 802 4227 886 in
4276 827 4425 884 an-

1052 909 1376 998 tedictis
1415 914 1783 1027 partibus
1834 917 2202 1023 obeunt,
2270 943 2364 1006 ut
2410 920 2517 1005 ab
2570 923 2962 1007 omnibus
2991 984 3015 1026 ‚
3080 946 3166 1008 et
3214 922 3886 1042 quibuscumque
3933 921 4421 1036 suis-‚respe-

1051 1032 1269 1118 ctive
1332 1031 1683 1120 subditis
1733 1035 1945 1123 illud
2021 1042 2363 1126 omnino
2398 1103 2422 1147 ‚
2490 1063 2571 1127 et
2621 1041 3207 1128 inviolabiliter
3254 1042 3670 1130 observari
3721 1062 4060 1128 curent.-
4099 1039 4420 1126 Datum

1048 1148 1361 1241 Romae
1422 1186 1517 1240 ex
1567 1153 1911 1244 aedibus
1950 1157 2325 1275 ejusdem
2377 1163 2670 1248 Sacrae
2726 1160 3406 1275 Congregationis
3455 1159 3591 1250 die
3650 1190 3780 1275 19.
3836 1157 4117 1246 Martii
4162 1159 4417 1278 1735.

1045 1310 1105 1347 ==
1171 1274 1266 1359 V.
1323 1272 1573 1362 Card.
1624 1275 1867 1364 Petra
1921 1277 2422 1368 Praefectus.
2477 1281 2626 1366 Ph.
2668 1280 2774 1368 de
2827 1282 3257 1368 Montibus
3294 1287 3474 1371 Sec.
3533 1281 3762 1369 Loco
3808 1278 3915 1383 ἦ(
3955 1280 4244 1392 Sigilli.
4287 1335 4294 1346 -

680 1402 1025 1509 {infamo-
1162 1404 1236 1501 §.
1309 1430 1384 1481 2.
1450 1397 1679 1484 Cum
1715 1422 2046 1505 autem,
2112 1403 2327 1489 sicut
2377 1399 2730 1490 dilectus
2780 1401 3591 1489 filius-Cherubinus
3641 1398 3750 1490 de
3798 1401 4078 1490 Noves
4126 1400 4422 1492 Frater

655 1493 724 1650 {hu
733 1496 1021 1653 ἓξὲξ
1044 1543 1412 1631 expresse
1461 1515 1874 1634 professus
1941 1519 2286 1607 Ordinis
2359 1522 2786 1610 Minorum
2851 1524 2930 1609 S.
2995 1524 3065 1608 F
3071 1525 3411 1610 rancisci
3476 1520 4149 1636 Capuccinorum
4199 1553 4418 1614 nun·-

655 1676 828 1744 ,ffioe
865 1703 1018 1747 con·
1044 1663 1532 1753 eupatorum
1583 1640 1669 1724 in
1721 1639 2090 1727 Romana
2140 1637 2400 1729 Curia
2452 1643 3165 1731 Missionariorum
3218 1641 3656 1729 Gallorum
3717 1639 4091 1756 ejusdem
4160 1640 4413 1729 Ordi-

660 1766 998 1840 firmatum.
1041 1760 1169 1844 nis
1218 1762 1304 1844 in
1359 1757 1839 1847 Infidelium
1891 1762 2263 1877 partibus
2317 1766 2844 1853 existentium
2876 1766 3369 1851 Procurator
3420 1762 3659 1849 nobis
3706 1758 4065 1849 subinde
4113 1765 4413 1878 exponi

1040 1875 1236 2000 fecit
1271 1945 1296 1988 ,
1361 1884 1532 1997 ipse
1612 1880 2065 1970 Decretum
2156 1883 2635 2000 hujusmodi
2685 1949 2716 1990 ,
2779 1915 2949 2005 quo
3031 1882 3351 1970 firmius
3416 1882 3804 1969 subsistat
3887 1884 4412 1994 Apostolicae

1039 1998 1715 2089 confirmationis
1778 2026 2103 2091 nostrae
2154 2006 2613 2121 patrocinio
2664 2008 3159 2093 communiri
3222 2005 3676 2119 plurimum
3729 2001 4166 2110 desideret,
4230 2002 4406 2092 Nos

1036 2122 1473 2237 specialem
1526 2125 1680 2238 ipsi
1734 2123 2226 2212 Cherubino
2276 2131 2615 2238 gratiam
2669 2124 2938 2214 facere
2987 2128 3399 2229 volentes,
3454 2155 3815 2241 eumque
3863 2156 3906 2207 a
3973 2123 4414 2240 quibusvis,

1036 2247 1972 2351 excommunicationis,-
2018 2270 2141 2334 ‘et
2213 2244 2627 2333 interdicti
2680 2312 2709 2353 ‚
2791 2248 3135 2365 aliisque
3218 2245 3814 2331 Ecclesiasticis
3893 2245 4324 2330 sententiis
4373 2305 4403 2352 ,

1037 2369 1457 2472 censuris,
1521 2389 1605 2454 et
1655 2368 1939 2480 poenis
1989 2399 2033 2452 a
2085 2371 2323 2481 jure,
2388 2367 2523 2455 vel
2575 2368 2679 2453 ab
2734 2366 3068 2478 homine
3119 2369 3410 2486 quavis
3471 2366 3960 2466 occasione,
4021 2364 4406 2452 vel-catt-

1035 2515 1121 2570 sa
1168 2483 1404 2595 latis,
1472 2492 1538 2573 si
1599 2487 1905 2605 quibus
1967 2486 2600 2606 quomodolibet
2657 2485 3102 2574 innodatus
3163 2488 3483 2592 existit,
3548 2481 3653 2572 ad
3705 2482 4097 2572 effectum
4167 2514 4401 2597 prae·

1032 2609 1392 2695 sentium
1444 2606 1869 2696 dumtaxat
1917 2606 2596 2729 consequendum
2650 2607 2946 2694 harum
3009 2610 3215 2695 serie
3291 2606 3807 2692 absolventes
3842 2669 3872 2709 ,
3935 2625 4020 2689 et
4069 2603 4399 2690 absolu·
4446 2651 4454 2658 ·

1032 2750 1209 2812 tum
1264 2727 1439 2817 fore
1490 2754 1972 2835 censentes,
2034 2727 2775 2846 supplicationibus
2838 2723 3405 2844 ejus’nomine
3454 2725 3691 2812 nobis
3741 2727 3987 2838 super
4035 2720 4194 2814 hoo
4240 2724 4403 2810 ltu-

1028 2850 1335 2938 militer
1387 2843 1778 2966 porrectis
1830 2851 2257 2957 inclinati,
2311 2849 2768 2937 Decretum
2818 2852 3417 2965 praeinsertum
3467 2849 3951 2934 auctoritate
3986 2844 4397 2957 Apostoli·

1030 2998 1124 3055 ca
1177 2992 1460 3061 tenore
1510 2974 2063 3086 praesentium
2121 2972 2723 3086 approbamus,
2790 2993 2874 3059 et
2920 2966 3508 3056 confirmamus
3556 2965 4398 3085 illiqueinviolabilis

1024 3088 1551 3204 Apostolicae
1601 3091 2005 3179 firmitatis
2057 3091 2314 3175 robur
2367 3088 2801 3178 adiicimus
2837 3154 2862 3198 ,
2901 3092 3115 3177 salva
3173 3113 3450 3175 tamen
3497 3118 3820 3202 semper
3870 3088 3957 3171 in
4008 3087 4398 3200 praemis·

1025 3211 1133 3292 sis
1183 3216 1668 3300 anctoritate
1718 3208 2187 3325 praedictae
2238 3210 2918 3324 Congregationis
2972 3207 3575 3296 Cardinalium.
4257 3261 4266 3275 ι

665 3322 999 3431 ,ΡΜΒΡΒ-
1139 3331 1206 3430 S.
1270 3332 1353 3417 3.
1417 3332 1981 3421 Decernentes
2031 3325 2361 3424 easdem
2409 3339 2876 3448 praesentes
2944 3332 3217 3419 literas
3267 3359 3590 3446 semper
3639 3324 3914 3413 firmas
3949 3386 3974 3430 ,
4031 3322 4383 3437 validas,

635 3417 999 3573 ffr‘ssml'fitssj
1022 3473 1107 3536 et
1152 3451 1528 3542 efficaces
1578 3458 1973 3564 existere3
2046 3476 2129 3538 et
2189 3449 2365 3542 sore
2399 3518 2423 3560 ,
2490 3484 2845 3573 suosque
2925 3454 3334 3567 plenarios
3370 3513 3393 3556 ,
3458 3475 3542 3537 et
3617 3451 3976 3558 integros
4040 3443 4389 3534 effectus

637 3597 843 3665 miton.
1021 3576 1345 3682 sortiri,
1396 3599 1481 3661 et
1529 3577 1906 3662 obtinere
1942 3637 1966 3678 ,
2034 3603 2128 3660 ac
2177 3573 2281 3659 ab
2334 3575 2495 3659 illis
2522 3638 2551 3678 ‚
2617 3573 2721 3659 ad
2771 3606 2980 3692 quos
3027 3593 3341 3686 spectat
3372 3634 3395 3676 ,
3450 3594 3532 3657 et
3579 3599 3731 3684 pro
3783 3590 4152 3680 tempore
4201 3598 4384 3682 spe·

1022 3691 1342 3798 ctabit,
1409 3694 1997 3784 inviolabiliter
2057 3694 2529 3781 observari:
2603 3697 2887 3812 sicque
2937 3696 3021 3778 in
3074 3694 3532 3806 praemissis
3618 3720 3765 3803 per
3813 3716 4391 3805 quoscumque

1019 3808 1359 3901 Ju'dices
1415 3813 1963 3922 Ordinarios,
2032 3837 2118 3901 et
2165 3814 2664 3927 Delegatos,
2729 3818 2998 3902 etiam'
3063 3813 3522 3904 Causarum
3586 3808 4391 3920 Palatii-Apostolici

1024 3931 1470 4023 Auditores
1520 3936 1931 4053 judicari,
1999 3958 2083 4022 et
2143 3932 2495 4023 diffiniri
2558 3934 2865 4023 debere
2902 3998 2927 4042 ,
2989 3965 3087 4020 ac
3138 3935 3460 4026 irritum
3498 3997 3524 4039 ,
3588 3952 3671 4018 et
3733 3930 3979 4020 ina-ne
4027 3929 4091 4014 si
4146 3957 4386 4038 secus

1022 4084 1268 4169 super
1320 4057 1443 4143 his
1493 4091 1534 4143 a
1588 4090 2011 4180 quoquam
2063 4061 2353 4176 quavis
2402 4058 2885 4160 auctoritate
2931 4059 3337 4157 scienter,
3399 4054 3537 4144 vel
3593 4053 4090 4162 i‘gumtantet·¹
4119 4049 4391 4136 conti·

770 4283 777 4292 ⁸
1020 4179 1230 4286 gerit
1280 4184 1686 4266 attentari.
1758 4243 1767 4252 .
2168 4219 2173 4226 ·
3449 4251 3457 4266 .
4257 4197 4266 4204 ‘

664 4288 998 4393 ‚Obmu-
1139 4294 1206 4396 S.
1274 4304 1356 4407 4.
1422 4297 1613 4386 Νοη
1677 4301 2196 4388 obstantibus
2246 4298 3066 4402 constitutionibus,
3129 4319 3214 4383 et
3276 4291 3969 4392 ordinationibus
4031 4289 4386 4403 Aposto-

634 4382 950 4561 ἔᾚεὶξῗ·
1016 4416 1253 4524 licis,
1292 4449 1388 4505 ac
1437 4445 1849 4540 quatenus
1896 4453 2101 4537 opus
2150 4423 2255 4509 sit
2302 4427 3028 4540 quorumcumque
3075 4413 3468 4506 ordinum
3499 4479 3524 4522 ,
3575 4441 3660 4508 et
3695 4410 4382 4531 aliis-quibusvis,

763 4526 896 4622 ι...]
1018 4540 1267 4625 etiam
1310 4533 1851 4654 ‘juramentm
1916 4540 3146 4655 confirmationeApostolica,
3219 4542 3347 4626 vel
3426 4541 3718 4656 quavis
3775 4527 4164 4622 firmitate
4221 4530 4386 4620 alia‘

1021 4659 1433 4745 roboratis·
1466 4665 1845 4769 statutis,
1900 4688 1995 4752 'et
2044 4660 2855 4765 consuetudinibus,
2895 4659 3340 4774 privilegiis
3390 4689 3779 4777 quoque,
3843 4649 4245 4758 indultis,
4296 4671 4385 4739 et

1018 4781 1285 4866 literis·
1321 4782 1815 4896 Apostolicis
1866 4788 1945 4870 in
2003 4787 2507 4871 contrarium
2557 4785 3191 4895 praemissorum
3239 4777 3869 4898 quomodolibet
3919 4771 4380 4886 concessis,

1017 4900 1580 5011 confirmatis,
1646 4930 1730 4992 et
1780 4906 2216 4993 innovatis.
2281 4903 2638 5014 Quibus·
2701 4902 3165 5006 omnibus,
3232 4924 3318 5006 et
3375 4900 3715 5013 singulis
3752 4962 3777 5006 ,
3842 4894 4182 4982 illorum
4260 4911 4380 4978 te·

1017 5047 1307 5130 nores,
1373 5026 1951 5138 praesentibus·
2027 5024 2645 5142 pro-‚expressis
2721 5020 3174 5129 habentes,
3241 5022 3400 5109 illis
3451 5021 3658 5110 alias
3707 5021 3796 5106 in
3855 5009 4400 5118 suumobnre.

1010 5147 1564 5257 permansuris
1604 5145 1717 5248 ad
1799 5149 2431 5263 praemissorum
2473 5139 2902 5234 effectum.
2930 5141 3084 5228 hac
3132 5145 3314 5230 vice
3365 5142 3802 5232 dumtaxat
3855 5125 4374 5254 specialiter,

1009 5285 1105 5350 et:
1142 5265 2055 5381 expressed'erogamus
2083 5299 2141 5375 ‚⁰
2176 5268 2642 5383 ceterisque
2677 5266 3109 5352 contrariis
3159 5263 3860 5381 quibuscumque.
3901 5337 3938 5352 ,.
3973 5281 3988 5330 ῐ
4086 5277 4138 5342 .·‘
4445 5285 4450 5292 ·

1026 5451 1035 5464 .
1094 5377 2079 5503 :Datumnomaestapud
2160 5379 2644 5494 ⁴&Mariam
2692 5385 3700 5502 Maiorem;sub,Annuio
3750 5373 4200 5472 Piscatoris.
4230 5368 4394 5474 (1ῑρ-

1012 5499 2129 5630 ιᾶῃιλρὲἰὶῒε-ιᾳὲβςΉοοι.
2182 5503 2862 5597 nostrieanno-V.
2959 5575 2966 5586 ,
3097 5515 3288 5616 323--21
3371 5535 3440 5584 :.
3611 5549 3684 5568 -·
4077 5541 4120 5574 .·
4201 5587 4210 5594 ,
4329 5531 4338 5544 ·

1022 5639 1271 5702 ..20:20
1350 5683 1361 5696 .
1545 5633 1731 5706 ,·.,,<;
1896 5657 2061 5706 πμ..
2118 5629 2339 5740 ’,ιη-ἀς.
2400 5629 2564 5708 ³2⁵·
2623 5665 2672 5710 :‹
2925 5657 2966 5710 ·.
3011 5631 3058 5706 ’Ξ
3163 5627 3282 5714 F.
3339 5620 3592 5716 θανά.
3676 5620 4146 5742 oliverius..
4273 5697 4284 5716 .
4342 5697 4393 5717 .-

1874 5755 1947 5826 ἱ)
