<?xml version="1.0" encoding="UTF-8"?>
<!DOCTYPE html PUBLIC "-//W3C//DTD XHTML 1.0 Transitional//EN"
    "http://www.w3.org/TR/xhtml1/DTD/xhtml1-transitional.dtd">
<html xmlns="http://www.w3.org/1999/xhtml" xml:lang="en" lang="en">
 <head>
  <title>
</title>
<meta http-equiv="Content-Type" content="text/html;charset=utf-8" />
  <meta name='ocr-system' content='tesseract 3.04.00' />
  <meta name='ocr-capabilities' content='ocr_page ocr_carea ocr_par ocr_line ocrx_word'/>
</head>
<body>
  <div class='ocr_page' id='page_1' title='image "./bullariumpontif00fidegoog_0122.png"; bbox 0 0 4834 6409; ppageno 0'>
   <div class='ocr_carea' id='block_1_1' title="bbox 1017 414 4436 5666">
    <p class='ocr_par' dir='ltr' id='par_1_1' title="bbox 1031 414 1753 474">
     <span class='ocr_line' id='line_1_1' title="bbox 1031 414 1753 474; baseline 0.003 -2"><span class='ocrx_word' id='word_1_1' title='bbox 1031 414 1225 472; x_wconf 79' lang='lat'>112.</span> <span class='ocrx_word' id='word_1_2' title='bbox 1748 469 1753 474; x_wconf 87' lang='lat'>.</span> 
     </span>
    </p>

    <p class='ocr_par' dir='ltr' id='par_1_2' title="bbox 1017 491 4436 5666">
     <span class='ocr_line' id='line_1_2' title="bbox 1020 491 4395 621; baseline -0.004 -29"><span class='ocrx_word' id='word_1_3' title='bbox 1020 538 1172 592; x_wconf 87' lang='lat' dir='ltr'>seu</span> <span class='ocrx_word' id='word_1_4' title='bbox 1247 501 1675 621; x_wconf 79' lang='lat' dir='ltr'><strong>Capellam</strong></span> <span class='ocrx_word' id='word_1_5' title='bbox 1710 562 1737 610; x_wconf 92' lang='lat'>,</span> <span class='ocrx_word' id='word_1_6' title='bbox 1801 531 1897 589; x_wconf 91' lang='lat' dir='ltr'>ac</span> <span class='ocrx_word' id='word_1_7' title='bbox 1949 502 2419 590; x_wconf 86' lang='lat' dir='ltr'>visitatione</span> <span class='ocrx_word' id='word_1_8' title='bbox 2470 498 2944 618; x_wconf 83' lang='lat' dir='ltr'>Apostolica</span> <span class='ocrx_word' id='word_1_9' title='bbox 3006 493 3384 615; x_wconf 86' lang='lat' dir='ltr'>ejusdem</span> <span class='ocrx_word' id='word_1_10' title='bbox 3437 495 4060 614; x_wconf 81' lang='lat' dir='ltr'>Archiepiseopi</span> <span class='ocrx_word' id='word_1_11' title='bbox 4099 558 4123 604; x_wconf 90' lang='lat'>‚</span> <span class='ocrx_word' id='word_1_12' title='bbox 4187 491 4395 581; x_wconf 86' lang='lat' dir='ltr'>dum</span> 
     </span>
     <span class='ocr_line' id='line_1_3' title="bbox 1017 619 4398 739; baseline -0.004 -26"><span class='ocrx_word' id='word_1_13' title='bbox 1017 647 1229 714; x_wconf 87' lang='lat' dir='ltr'>esset</span> <span class='ocrx_word' id='word_1_14' title='bbox 1276 624 1742 739; x_wconf 72' lang='lat' dir='ltr'>Episcopus</span> <span class='ocrx_word' id='word_1_15' title='bbox 1794 622 2315 710; x_wconf 89' lang='lat' dir='ltr'>Santorinen.</span> <span class='ocrx_word' id='word_1_16' title='bbox 2357 647 2443 709; x_wconf 87' lang='lat' dir='ltr'>et</span> <span class='ocrx_word' id='word_1_17' title='bbox 2486 623 2886 708; x_wconf 90' lang='lat' dir='ltr'>Visitator</span> <span class='ocrx_word' id='word_1_18' title='bbox 2932 622 3456 737; x_wconf 84' lang='lat' dir='ltr'>Apostolicus</span> <span class='ocrx_word' id='word_1_19' title='bbox 3505 619 3871 706; x_wconf 83' lang='lat' dir='ltr'>Orientis</span> <span class='ocrx_word' id='word_1_20' title='bbox 3907 681 3931 726; x_wconf 89' lang='lat'>,</span> <span class='ocrx_word' id='word_1_21' title='bbox 3996 638 4179 734; x_wconf 87' lang='lat' dir='ltr'>post</span> <span class='ocrx_word' id='word_1_22' title='bbox 4224 647 4398 700; x_wconf 89' lang='lat' dir='ltr'>ma-</span> 
     </span>
     <span class='ocr_line' id='line_1_4' title="bbox 1021 738 4396 857; baseline -0.004 -24"><span class='ocrx_word' id='word_1_23' title='bbox 1021 769 1291 833; x_wconf 87' lang='lat' dir='ltr'>turam</span> <span class='ocrx_word' id='word_1_24' title='bbox 1342 744 2025 830; x_wconf 82' lang='lat' dir='ltr'>deliberationem</span> <span class='ocrx_word' id='word_1_25' title='bbox 2081 748 2160 829; x_wconf 93' lang='lat' dir='ltr'>in</span> <span class='ocrx_word' id='word_1_26' title='bbox 2231 746 2514 857; x_wconf 88' lang='lat' dir='ltr'>primis</span> <span class='ocrx_word' id='word_1_27' title='bbox 2567 744 2886 829; x_wconf 89' lang='lat' dir='ltr'>censuit</span> <span class='ocrx_word' id='word_1_28' title='bbox 2936 741 3394 827; x_wconf 78' lang='lat' dir='ltr'>Ecclesiam</span> <span class='ocrx_word' id='word_1_29' title='bbox 3428 803 3451 844; x_wconf 94' lang='lat'>,</span> <span class='ocrx_word' id='word_1_30' title='bbox 3519 771 3665 826; x_wconf 91' lang='lat' dir='ltr'>seu</span> <span class='ocrx_word' id='word_1_31' title='bbox 3702 738 4125 855; x_wconf 81' lang='lat' dir='ltr'>Capellam</span> <span class='ocrx_word' id='word_1_32' title='bbox 4164 765 4396 850; x_wconf 89' lang='lat' dir='ltr'>prae-</span> 
     </span>
     <span class='ocr_line' id='line_1_5' title="bbox 1020 859 4400 979; baseline -0.003 -30"><span class='ocrx_word' id='word_1_33' title='bbox 1020 865 1325 952; x_wconf 88' lang='lat' dir='ltr'>dictam</span> <span class='ocrx_word' id='word_1_34' title='bbox 1381 895 1552 950; x_wconf 90' lang='lat' dir='ltr'>esse</span> <span class='ocrx_word' id='word_1_35' title='bbox 1606 859 2156 977; x_wconf 80' lang='lat' dir='ltr'>parochialem</span> <span class='ocrx_word' id='word_1_36' title='bbox 2195 928 2218 969; x_wconf 92' lang='lat'>,</span> <span class='ocrx_word' id='word_1_37' title='bbox 2286 889 2367 951; x_wconf 93' lang='lat' dir='ltr'>et</span> <span class='ocrx_word' id='word_1_38' title='bbox 2416 859 2765 979; x_wconf 87' lang='lat' dir='ltr'>proinde</span> <span class='ocrx_word' id='word_1_39' title='bbox 2815 859 3338 977; x_wconf 89' lang='lat' dir='ltr'>Capuccinos</span> <span class='ocrx_word' id='word_1_40' title='bbox 3403 863 3625 946; x_wconf 90' lang='lat' dir='ltr'>illius</span> <span class='ocrx_word' id='word_1_41' title='bbox 3661 889 3998 962; x_wconf 89' lang='lat' dir='ltr'>curam,</span> <span class='ocrx_word' id='word_1_42' title='bbox 4065 879 4149 942; x_wconf 91' lang='lat' dir='ltr'>et</span> <span class='ocrx_word' id='word_1_43' title='bbox 4201 886 4400 940; x_wconf 88' lang='lat' dir='ltr'>usus</span> 
     </span>
     <span class='ocr_line' id='line_1_6' title="bbox 1019 967 4398 1098; baseline -0.003 -29"><span class='ocrx_word' id='word_1_44' title='bbox 1019 984 1329 1071; x_wconf 86' lang='lat' dir='ltr'>habere</span> <span class='ocrx_word' id='word_1_45' title='bbox 1379 991 1738 1098; x_wconf 87' lang='lat' dir='ltr'>potuisse</span> <span class='ocrx_word' id='word_1_46' title='bbox 1769 1046 1792 1089; x_wconf 92' lang='lat'>,</span> <span class='ocrx_word' id='word_1_47' title='bbox 1859 1005 1938 1068; x_wconf 90' lang='lat' dir='ltr'>et</span> <span class='ocrx_word' id='word_1_48' title='bbox 1986 1015 2219 1096; x_wconf 90' lang='lat' dir='ltr'>posse</span> <span class='ocrx_word' id='word_1_49' title='bbox 2268 1007 2773 1069; x_wconf 85' lang='lat' dir='ltr'>sacramenta</span> <span class='ocrx_word' id='word_1_50' title='bbox 2827 980 3324 1098; x_wconf 82' lang='lat' dir='ltr'>parochialia</span> <span class='ocrx_word' id='word_1_51' title='bbox 3378 967 3694 1085; x_wconf 82' lang='lat' dir='ltr'>Gallis,</span> <span class='ocrx_word' id='word_1_52' title='bbox 3747 1007 4205 1097; x_wconf 87' lang='lat' dir='ltr'>eorumque</span> <span class='ocrx_word' id='word_1_53' title='bbox 4256 975 4398 1062; x_wconf 84' lang='lat' dir='ltr'>ad-</span> 
     </span>
     <span class='ocr_line' id='line_1_7' title="bbox 1024 1094 4398 1215; baseline -0.002 -28"><span class='ocrx_word' id='word_1_54' title='bbox 1024 1104 1561 1208; x_wconf 81' lang='lat' dir='ltr'>haerentibus</span> <span class='ocrx_word' id='word_1_55' title='bbox 1614 1104 2011 1215; x_wconf 81' lang='lat' dir='ltr'>Smyrnae</span> <span class='ocrx_word' id='word_1_56' title='bbox 2074 1104 2783 1189; x_wconf 77' lang='lat' dir='ltr'>commorantibus</span> <span class='ocrx_word' id='word_1_57' title='bbox 2818 1164 2842 1209; x_wconf 93' lang='lat'>,</span> <span class='ocrx_word' id='word_1_58' title='bbox 2908 1124 3053 1188; x_wconf 89' lang='lat' dir='ltr'>aut</span> <span class='ocrx_word' id='word_1_59' title='bbox 3112 1101 3312 1186; x_wconf 90' lang='lat' dir='ltr'>illuc</span> <span class='ocrx_word' id='word_1_60' title='bbox 3363 1100 3970 1215; x_wconf 78' lang='lat' dir='ltr'>appellentibus</span> <span class='ocrx_word' id='word_1_61' title='bbox 4049 1094 4398 1183; x_wconf 88' lang='lat' dir='ltr'>admini-</span> 
     </span>
     <span class='ocr_line' id='line_1_8' title="bbox 1021 1216 4398 1337; baseline -0.002 -28"><span class='ocrx_word' id='word_1_62' title='bbox 1021 1239 1315 1312; x_wconf 86' lang='lat' dir='ltr'>strare:</span> <span class='ocrx_word' id='word_1_63' title='bbox 1386 1230 1679 1309; x_wconf 78' lang='lat' dir='ltr'>ceteris</span> <span class='ocrx_word' id='word_1_64' title='bbox 1743 1227 2069 1306; x_wconf 85' lang='lat' dir='ltr'>omissis</span> <span class='ocrx_word' id='word_1_65' title='bbox 2123 1227 2208 1308; x_wconf 90' lang='lat' dir='ltr'>in</span> <span class='ocrx_word' id='word_1_66' title='bbox 2263 1226 2926 1335; x_wconf 87' lang='lat' dir='ltr'>Congregatione</span> <span class='ocrx_word' id='word_1_67' title='bbox 2989 1221 3465 1337; x_wconf 75' lang='lat' dir='ltr'>particulari</span> <span class='ocrx_word' id='word_1_68' title='bbox 3539 1221 3817 1305; x_wconf 88' lang='lat' dir='ltr'>habita</span> <span class='ocrx_word' id='word_1_69' title='bbox 3872 1217 4009 1304; x_wconf 91' lang='lat' dir='ltr'>die</span> <span class='ocrx_word' id='word_1_70' title='bbox 4077 1216 4398 1331; x_wconf 79' lang='lat' dir='ltr'>29.3Ja-</span> 
     </span>
     <span class='ocr_line' id='line_1_9' title="bbox 1021 1343 4399 1458; baseline -0.002 -29"><span class='ocrx_word' id='word_1_71' title='bbox 1021 1347 1289 1429; x_wconf 84' lang='lat' dir='ltr'>nuarii</span> <span class='ocrx_word' id='word_1_72' title='bbox 1357 1349 1599 1458; x_wconf 78' lang='lat'>1667.</span> <span class='ocrx_word' id='word_1_73' title='bbox 1668 1375 1915 1456; x_wconf 85' lang='lat' dir='ltr'>super</span> <span class='ocrx_word' id='word_1_74' title='bbox 2002 1344 2247 1428; x_wconf 86' lang='lat' dir='ltr'>rebus</span> <span class='ocrx_word' id='word_1_75' title='bbox 2296 1344 2791 1428; x_wconf 89' lang='lat' dir='ltr'>Missionum</span> <span class='ocrx_word' id='word_1_76' title='bbox 2846 1344 3219 1428; x_wconf 80' lang='lat' dir='ltr'>Smirnae</span> <span class='ocrx_word' id='word_1_77' title='bbox 3281 1346 3497 1428; x_wconf 89' lang='lat' dir='ltr'>inter</span> <span class='ocrx_word' id='word_1_78' title='bbox 3559 1343 3713 1426; x_wconf 87' lang='lat' dir='ltr'>alia</span> <span class='ocrx_word' id='word_1_79' title='bbox 3779 1343 4186 1455; x_wconf 87' lang='lat' dir='ltr'>proposita</span> <span class='ocrx_word' id='word_1_80' title='bbox 4225 1400 4250 1441; x_wconf 91' lang='lat'>,</span> <span class='ocrx_word' id='word_1_81' title='bbox 4316 1363 4399 1423; x_wconf 87' lang='lat' dir='ltr'>et</span> 
     </span>
     <span class='ocr_line' id='line_1_10' title="bbox 1026 1454 4400 1579; baseline -0.002 -31"><span class='ocrx_word' id='word_1_82' title='bbox 1026 1466 1384 1550; x_wconf 87' lang='lat' dir='ltr'>resoluta</span> <span class='ocrx_word' id='word_1_83' title='bbox 1433 1461 1774 1574; x_wconf 72' lang='lat' dir='ltr'>suerunt</span> <span class='ocrx_word' id='word_1_84' title='bbox 1815 1461 2323 1579; x_wconf 82' lang='lat' dir='ltr'>infrascripta</span> <span class='ocrx_word' id='word_1_85' title='bbox 2377 1461 2634 1547; x_wconf 86' lang='lat' dir='ltr'>dubia</span> <span class='ocrx_word' id='word_1_86' title='bbox 2671 1461 3079 1548; x_wconf 88' lang='lat' dir='ltr'>videlicet.</span> <span class='ocrx_word' id='word_1_87' title='bbox 3114 1461 3482 1571; x_wconf 87' lang='lat' dir='ltr'>Quinam</span> <span class='ocrx_word' id='word_1_88' title='bbox 3518 1456 3692 1545; x_wconf 72' lang='lat' dir='ltr'>&#39;sub</span> <span class='ocrx_word' id='word_1_89' title='bbox 3734 1463 4068 1544; x_wconf 88' lang='lat' dir='ltr'>nomine</span> <span class='ocrx_word' id='word_1_90' title='bbox 4103 1454 4400 1543; x_wconf 86' lang='lat' dir='ltr'>adhae-</span> 
     </span>
     <span class='ocr_line' id='line_1_11' title="bbox 1023 1579 4416 1695; baseline -0.001 -28"><span class='ocrx_word' id='word_1_91' title='bbox 1023 1585 1385 1671; x_wconf 86' lang='lat' dir='ltr'>rentium</span> <span class='ocrx_word' id='word_1_92' title='bbox 1458 1585 1811 1669; x_wconf 89' lang='lat' dir='ltr'>nationis</span> <span class='ocrx_word' id='word_1_93' title='bbox 1891 1583 2233 1692; x_wconf 79' lang='lat' dir='ltr'>gallicae</span> <span class='ocrx_word' id='word_1_94' title='bbox 2336 1584 2680 1693; x_wconf 84' lang='lat' dir='ltr'>intelligi</span> <span class='ocrx_word' id='word_1_95' title='bbox 2741 1581 3165 1668; x_wconf 81' lang='lat' dir='ltr'>debeant?</span> <span class='ocrx_word' id='word_1_96' title='bbox 3228 1586 3762 1695; x_wconf 86' lang='lat' dir='ltr'>rescriptum:</span> <span class='ocrx_word' id='word_1_97' title='bbox 3835 1579 4416 1690; x_wconf 77' lang='lat' dir='ltr'>intelligantur·</span> 
     </span>
     <span class='ocr_line' id='line_1_12' title="bbox 1025 1699 4399 1820; baseline -0.001 -32"><span class='ocrx_word' id='word_1_98' title='bbox 1025 1707 1170 1820; x_wconf 89' lang='lat' dir='ltr'>qui</span> <span class='ocrx_word' id='word_1_99' title='bbox 1223 1702 1632 1790; x_wconf 89' lang='lat' dir='ltr'>adsistunt</span> <span class='ocrx_word' id='word_1_100' title='bbox 1679 1705 2095 1807; x_wconf 88' lang='lat' dir='ltr'>consiliis,</span> <span class='ocrx_word' id='word_1_101' title='bbox 2156 1727 2242 1789; x_wconf 89' lang='lat' dir='ltr'>et</span> <span class='ocrx_word' id='word_1_102' title='bbox 2288 1701 2502 1805; x_wconf 90' lang='lat' dir='ltr'>filii,</span> <span class='ocrx_word' id='word_1_103' title='bbox 2565 1728 2648 1789; x_wconf 90' lang='lat' dir='ltr'>et</span> <span class='ocrx_word' id='word_1_104' title='bbox 2697 1699 3192 1805; x_wconf 84' lang='lat' dir='ltr'>familiares,</span> <span class='ocrx_word' id='word_1_105' title='bbox 3257 1726 3342 1788; x_wconf 90' lang='lat' dir='ltr'>et</span> <span class='ocrx_word' id='word_1_106' title='bbox 3417 1700 3903 1804; x_wconf 83' lang='lat' dir='ltr'>domestici,</span> <span class='ocrx_word' id='word_1_107' title='bbox 3969 1723 4052 1785; x_wconf 93' lang='lat' dir='ltr'>et</span> <span class='ocrx_word' id='word_1_108' title='bbox 4112 1728 4399 1784; x_wconf 91' lang='lat' dir='ltr'>omnes</span> 
     </span>
     <span class='ocr_line' id='line_1_13' title="bbox 1025 1820 4402 1943; baseline -0.001 -36"><span class='ocrx_word' id='word_1_109' title='bbox 1025 1825 1148 1908; x_wconf 91' lang='lat' dir='ltr'>illi</span> <span class='ocrx_word' id='word_1_110' title='bbox 1198 1826 1345 1943; x_wconf 88' lang='lat' dir='ltr'>qui</span> <span class='ocrx_word' id='word_1_111' title='bbox 1396 1845 1689 1938; x_wconf 90' lang='lat' dir='ltr'>sponte</span> <span class='ocrx_word' id='word_1_112' title='bbox 1738 1847 1933 1908; x_wconf 89' lang='lat' dir='ltr'>suut</span> <span class='ocrx_word' id='word_1_113' title='bbox 1982 1822 2357 1936; x_wconf 87' lang='lat' dir='ltr'>ejusdem</span> <span class='ocrx_word' id='word_1_114' title='bbox 2409 1825 2858 1909; x_wconf 88' lang='lat' dir='ltr'>voluntatis</span> <span class='ocrx_word' id='word_1_115' title='bbox 2894 1885 2918 1928; x_wconf 94' lang='lat'>,</span> <span class='ocrx_word' id='word_1_116' title='bbox 2988 1826 3225 1934; x_wconf 86' lang='lat' dir='ltr'>cujus</span> <span class='ocrx_word' id='word_1_117' title='bbox 3274 1844 3398 1907; x_wconf 87' lang='lat' dir='ltr'>est</span> <span class='ocrx_word' id='word_1_118' title='bbox 3446 1820 3962 1936; x_wconf 84' lang='lat' dir='ltr'>principalis:</span> <span class='ocrx_word' id='word_1_119' title='bbox 4035 1850 4135 1905; x_wconf 86' lang='lat' dir='ltr'>an</span> <span class='ocrx_word' id='word_1_120' title='bbox 4192 1851 4402 1905; x_wconf 88' lang='lat' dir='ltr'>mer·</span> 
     </span>
     <span class='ocr_line' id='line_1_14' title="bbox 1027 1940 4401 2051; baseline -0.001 -22"><span class='ocrx_word' id='word_1_121' title='bbox 1027 1969 1392 2049; x_wconf 91' lang='lat' dir='ltr'>catores,</span> <span class='ocrx_word' id='word_1_122' title='bbox 1457 1966 1543 2031; x_wconf 86' lang='lat' dir='ltr'>et</span> <span class='ocrx_word' id='word_1_123' title='bbox 1592 1967 1893 2029; x_wconf 84' lang='lat' dir='ltr'>nautae</span> <span class='ocrx_word' id='word_1_124' title='bbox 1942 1945 2176 2051; x_wconf 86' lang='lat' dir='ltr'>itali,</span> <span class='ocrx_word' id='word_1_125' title='bbox 2240 1945 2374 2029; x_wconf 86' lang='lat' dir='ltr'>vel</span> <span class='ocrx_word' id='word_1_126' title='bbox 2428 1945 2763 2029; x_wconf 89' lang='lat' dir='ltr'>alterius</span> <span class='ocrx_word' id='word_1_127' title='bbox 2842 1944 3194 2029; x_wconf 90' lang='lat' dir='ltr'>nationis</span> <span class='ocrx_word' id='word_1_128' title='bbox 3245 1975 3288 2025; x_wconf 92' lang='lat' dir='ltr'>a</span> <span class='ocrx_word' id='word_1_129' title='bbox 3353 1940 3627 2026; x_wconf 90' lang='lat' dir='ltr'>Gallia</span> <span class='ocrx_word' id='word_1_130' title='bbox 3713 1942 4249 2051; x_wconf 81' lang='lat' dir='ltr'>navigantes,</span> <span class='ocrx_word' id='word_1_131' title='bbox 4318 1965 4401 2026; x_wconf 87' lang='lat' dir='ltr'>et</span> 
     </span>
     <span class='ocr_line' id='line_1_15' title="bbox 1023 2061 4400 2179; baseline -0.001 -31"><span class='ocrx_word' id='word_1_132' title='bbox 1023 2087 1577 2149; x_wconf 78' lang='lat' dir='ltr'>mercaturam</span> <span class='ocrx_word' id='word_1_133' title='bbox 1625 2087 2095 2159; x_wconf 80' lang='lat' dir='ltr'>exercentes</span> <span class='ocrx_word' id='word_1_134' title='bbox 2145 2061 2321 2148; x_wconf 67' lang='lat' dir='ltr'>snb‘</span> <span class='ocrx_word' id='word_1_135' title='bbox 2352 2064 2708 2168; x_wconf 78' lang='lat' dir='ltr'>vexilIO,</span> <span class='ocrx_word' id='word_1_136' title='bbox 2774 2085 2856 2149; x_wconf 90' lang='lat' dir='ltr'>et</span> <span class='ocrx_word' id='word_1_137' title='bbox 2903 2065 3379 2174; x_wconf 85' lang='lat' dir='ltr'>magistratu</span> <span class='ocrx_word' id='word_1_138' title='bbox 3429 2061 3725 2173; x_wconf 85' lang='lat' dir='ltr'>gallico</span> <span class='ocrx_word' id='word_1_139' title='bbox 3759 2124 3786 2170; x_wconf 93' lang='lat'>,</span> <span class='ocrx_word' id='word_1_140' title='bbox 3852 2061 4238 2179; x_wconf 86' lang='lat' dir='ltr'>ultroque</span> <span class='ocrx_word' id='word_1_141' title='bbox 4289 2064 4400 2144; x_wconf 89' lang='lat' dir='ltr'>ei-</span> 
     </span>
     <span class='ocr_line' id='line_1_16' title="bbox 1024 2179 4401 2301; baseline 0.001 -35"><span class='ocrx_word' id='word_1_142' title='bbox 1024 2180 1217 2269; x_wconf 88' lang='lat' dir='ltr'>dem</span> <span class='ocrx_word' id='word_1_143' title='bbox 1273 2186 1775 2295; x_wconf 86' lang='lat' dir='ltr'>magistratui</span> <span class='ocrx_word' id='word_1_144' title='bbox 1829 2216 1915 2269; x_wconf 89' lang='lat' dir='ltr'>se</span> <span class='ocrx_word' id='word_1_145' title='bbox 1965 2184 2546 2270; x_wconf 83' lang='lat' dir='ltr'>submittentes</span> <span class='ocrx_word' id='word_1_146' title='bbox 2611 2180 2888 2301; x_wconf 89' lang='lat' dir='ltr'>quoad</span> <span class='ocrx_word' id='word_1_147' title='bbox 2938 2214 3220 2294; x_wconf 70' lang='lat' dir='ltr'>causas</span> <span class='ocrx_word' id='word_1_148' title='bbox 3270 2179 3377 2268; x_wconf 81' lang='lat' dir='ltr'>ad</span> <span class='ocrx_word' id='word_1_149' title='bbox 3425 2180 3698 2267; x_wconf 87' lang='lat' dir='ltr'>forum</span> <span class='ocrx_word' id='word_1_150' title='bbox 3749 2180 4164 2295; x_wconf 83' lang='lat' dir='ltr'>peculiare</span> <span class='ocrx_word' id='word_1_151' title='bbox 4225 2213 4401 2294; x_wconf 86' lang='lat' dir='ltr'>spe-</span> 
     </span>
     <span class='ocr_line' id='line_1_17' title="bbox 1028 2302 4403 2421; baseline 0 -32"><span class='ocrx_word' id='word_1_152' title='bbox 1028 2328 1342 2389; x_wconf 86' lang='lat' dir='ltr'>ctantes</span> <span class='ocrx_word' id='word_1_153' title='bbox 1377 2366 1405 2411; x_wconf 93' lang='lat'>,</span> <span class='ocrx_word' id='word_1_154' title='bbox 1471 2302 1614 2390; x_wconf 90' lang='lat' dir='ltr'>sed</span> <span class='ocrx_word' id='word_1_155' title='bbox 1667 2303 1946 2421; x_wconf 91' lang='lat' dir='ltr'>quoad</span> <span class='ocrx_word' id='word_1_156' title='bbox 2010 2336 2289 2389; x_wconf 89' lang='lat' dir='ltr'>curam</span> <span class='ocrx_word' id='word_1_157' title='bbox 2357 2307 2820 2389; x_wconf 87' lang='lat' dir='ltr'>animarum</span> <span class='ocrx_word' id='word_1_158' title='bbox 2849 2366 2874 2409; x_wconf 93' lang='lat'>,</span> <span class='ocrx_word' id='word_1_159' title='bbox 2928 2326 3012 2388; x_wconf 88' lang='lat' dir='ltr'>et</span> <span class='ocrx_word' id='word_1_160' title='bbox 3048 2334 3330 2390; x_wconf 84' lang='lat' dir='ltr'>causas</span> <span class='ocrx_word' id='word_1_161' title='bbox 3378 2304 3965 2389; x_wconf 86' lang='lat' dir='ltr'>ecclesiasticas</span> <span class='ocrx_word' id='word_1_162' title='bbox 4011 2304 4216 2417; x_wconf 86' lang='lat' dir='ltr'>juris</span> <span class='ocrx_word' id='word_1_163' title='bbox 4265 2334 4403 2417; x_wconf 86' lang='lat' dir='ltr'>pa·</span> 
     </span>
     <span class='ocr_line' id='line_1_18' title="bbox 1027 2421 4408 2538; baseline 0 -33"><span class='ocrx_word' id='word_1_164' title='bbox 1027 2422 1411 2509; x_wconf 85' lang='lat' dir='ltr'>rochialis</span> <span class='ocrx_word' id='word_1_165' title='bbox 1456 2424 1832 2509; x_wconf 65' lang='lat' dir='ltr'>nolentes</span> <span class='ocrx_word' id='word_1_166' title='bbox 1882 2457 1968 2509; x_wconf 90' lang='lat' dir='ltr'>se</span> <span class='ocrx_word' id='word_1_167' title='bbox 2020 2426 2196 2508; x_wconf 89' lang='lat' dir='ltr'>aliis</span> <span class='ocrx_word' id='word_1_168' title='bbox 2246 2423 2623 2536; x_wconf 83' lang='lat' dir='ltr'>parochis</span> <span class='ocrx_word' id='word_1_169' title='bbox 2657 2486 2682 2529; x_wconf 91' lang='lat'>,</span> <span class='ocrx_word' id='word_1_170' title='bbox 2737 2446 2822 2510; x_wconf 90' lang='lat' dir='ltr'>et</span> <span class='ocrx_word' id='word_1_171' title='bbox 2866 2421 3302 2538; x_wconf 89' lang='lat' dir='ltr'>parochiae</span> <span class='ocrx_word' id='word_1_172' title='bbox 3350 2422 3838 2509; x_wconf 88' lang='lat' dir='ltr'>submittere</span> <span class='ocrx_word' id='word_1_173' title='bbox 3872 2483 3897 2526; x_wconf 89' lang='lat'>,</span> <span class='ocrx_word' id='word_1_174' title='bbox 3964 2451 4216 2538; x_wconf 85' lang='lat' dir='ltr'>quam</span> <span class='ocrx_word' id='word_1_175' title='bbox 4266 2454 4408 2537; x_wconf 85' lang='lat' dir='ltr'>pa·-</span> 
     </span>
     <span class='ocr_line' id='line_1_19' title="bbox 1027 2538 4402 2658; baseline 0.001 -32"><span class='ocrx_word' id='word_1_176' title='bbox 1027 2542 1414 2648; x_wconf 74' lang='lat' dir='ltr'>roobiae,</span> <span class='ocrx_word' id='word_1_177' title='bbox 1472 2568 1562 2629; x_wconf 89' lang='lat' dir='ltr'>et</span> <span class='ocrx_word' id='word_1_178' title='bbox 1630 2544 2007 2658; x_wconf 89' lang='lat' dir='ltr'>parochis</span> <span class='ocrx_word' id='word_1_179' title='bbox 2076 2548 2430 2629; x_wconf 87' lang='lat' dir='ltr'>nationis</span> <span class='ocrx_word' id='word_1_180' title='bbox 2479 2544 2880 2649; x_wconf 79' lang='lat' dir='ltr'>Italicae,</span> <span class='ocrx_word' id='word_1_181' title='bbox 2941 2547 3110 2630; x_wconf 88' lang='lat' dir='ltr'>sint</span> <span class='ocrx_word' id='word_1_182' title='bbox 3171 2540 3522 2654; x_wconf 87' lang='lat' dir='ltr'>cogendi</span> <span class='ocrx_word' id='word_1_183' title='bbox 3587 2544 3688 2627; x_wconf 92' lang='lat' dir='ltr'>ad</span> <span class='ocrx_word' id='word_1_184' title='bbox 3739 2538 4402 2629; x_wconf 85' lang='lat' dir='ltr'>submittendum</span> 
     </span>
     <span class='ocr_line' id='line_1_20' title="bbox 1026 2661 4405 2780; baseline 0.001 -33"><span class='ocrx_word' id='word_1_185' title='bbox 1026 2694 1113 2749; x_wconf 93' lang='lat' dir='ltr'>se</span> <span class='ocrx_word' id='word_1_186' title='bbox 1163 2662 1714 2777; x_wconf 88' lang='lat' dir='ltr'>Capuccinis,</span> <span class='ocrx_word' id='word_1_187' title='bbox 1799 2689 1883 2751; x_wconf 91' lang='lat' dir='ltr'>et</span> <span class='ocrx_word' id='word_1_188' title='bbox 1945 2666 2309 2779; x_wconf 86' lang='lat' dir='ltr'>ipsorum</span> <span class='ocrx_word' id='word_1_189' title='bbox 2404 2664 2845 2780; x_wconf 84' lang='lat' dir='ltr'>parochiae</span> <span class='ocrx_word' id='word_1_190' title='bbox 2889 2667 3258 2778; x_wconf 80' lang='lat' dir='ltr'>nationis</span> <span class='ocrx_word' id='word_1_191' title='bbox 3303 2661 3736 2750; x_wconf 88' lang='lat' dir='ltr'>Gallorum</span> <span class='ocrx_word' id='word_1_192' title='bbox 3773 2725 3799 2768; x_wconf 99' lang='lat'>,</span> <span class='ocrx_word' id='word_1_193' title='bbox 3864 2694 3968 2747; x_wconf 88' lang='lat' dir='ltr'>au</span> <span class='ocrx_word' id='word_1_194' title='bbox 4020 2692 4219 2748; x_wconf 90' lang='lat' dir='ltr'>vero</span> <span class='ocrx_word' id='word_1_195' title='bbox 4280 2696 4405 2752; x_wconf 92' lang='lat' dir='ltr'>re·</span> 
     </span>
     <span class='ocr_line' id='line_1_21' title="bbox 1034 2780 4436 2901; baseline 0.002 -36"><span class='ocrx_word' id='word_1_196' title='bbox 1034 2781 1469 2900; x_wconf 88' lang='lat' dir='ltr'>linquendi</span> <span class='ocrx_word' id='word_1_197' title='bbox 1519 2784 1755 2871; x_wconf 88' lang='lat' dir='ltr'>alteri</span> <span class='ocrx_word' id='word_1_198' title='bbox 1815 2784 2266 2871; x_wconf 88' lang='lat' dir='ltr'>Paroehiae</span> <span class='ocrx_word' id='word_1_199' title='bbox 2328 2784 2798 2871; x_wconf 78' lang='lat' dir='ltr'>Italorum?</span> <span class='ocrx_word' id='word_1_200' title='bbox 2864 2785 3401 2899; x_wconf 74' lang='lat' dir='ltr'>reserIptum:</span> <span class='ocrx_word' id='word_1_201' title='bbox 3470 2780 3749 2901; x_wconf 88' lang='lat' dir='ltr'>quoad</span> <span class='ocrx_word' id='word_1_202' title='bbox 3815 2782 4339 2871; x_wconf 84' lang='lat' dir='ltr'>Sacramenta</span> <span class='ocrx_word' id='word_1_203' title='bbox 4370 2809 4436 2888; x_wconf 83' lang='lat'>,‘</span> 
     </span>
     <span class='ocr_line' id='line_1_22' title="bbox 1029 2900 4399 3022; baseline 0 -33"><span class='ocrx_word' id='word_1_204' title='bbox 1029 2902 1366 3009; x_wconf 86' lang='lat' dir='ltr'>Gallos,</span> <span class='ocrx_word' id='word_1_205' title='bbox 1430 2932 1890 3022; x_wconf 87' lang='lat' dir='ltr'>eorumque</span> <span class='ocrx_word' id='word_1_206' title='bbox 1950 2904 2492 2991; x_wconf 85' lang='lat' dir='ltr'>adhaerentes</span> <span class='ocrx_word' id='word_1_207' title='bbox 2555 2939 2601 2990; x_wconf 91' lang='lat' dir='ltr'>a</span> <span class='ocrx_word' id='word_1_208' title='bbox 2651 2904 3153 3019; x_wconf 88' lang='lat' dir='ltr'>Capuccinis</span> <span class='ocrx_word' id='word_1_209' title='bbox 3202 2935 3438 3018; x_wconf 89' lang='lat' dir='ltr'>posse</span> <span class='ocrx_word' id='word_1_210' title='bbox 3504 2906 3710 3014; x_wconf 84' lang='lat' dir='ltr'>cogi.</span> <span class='ocrx_word' id='word_1_211' title='bbox 3778 2902 3876 2986; x_wconf 90' lang='lat' dir='ltr'>In</span> <span class='ocrx_word' id='word_1_212' title='bbox 3928 2900 4399 3016; x_wconf 88' lang='lat' dir='ltr'>Congrega-</span> 
     </span>
     <span class='ocr_line' id='line_1_23' title="bbox 1027 3013 4434 3138; baseline 0 -30"><span class='ocrx_word' id='word_1_213' title='bbox 1027 3026 1258 3109; x_wconf 86' lang='lat' dir='ltr'>tione</span> <span class='ocrx_word' id='word_1_214' title='bbox 1304 3024 1664 3134; x_wconf 88' lang='lat' dir='ltr'>generali</span> <span class='ocrx_word' id='word_1_215' title='bbox 1717 3024 1994 3110; x_wconf 89' lang='lat' dir='ltr'>habita</span> <span class='ocrx_word' id='word_1_216' title='bbox 2067 3023 2203 3111; x_wconf 92' lang='lat' dir='ltr'>die</span> <span class='ocrx_word' id='word_1_217' title='bbox 2250 3023 2349 3109; x_wconf 80' lang='lat'>8.</span> <span class='ocrx_word' id='word_1_218' title='bbox 2418 3024 2810 3111; x_wconf 90' lang='lat' dir='ltr'>Octobris</span> <span class='ocrx_word' id='word_1_219' title='bbox 2887 3013 3136 3138; x_wconf 71' lang='grc' dir='ltr'><strong>ἰ69ῐ.</strong></span> <span class='ocrx_word' id='word_1_220' title='bbox 3201 3025 3691 3138; x_wconf 90' lang='lat' dir='ltr'>rescriptum</span> <span class='ocrx_word' id='word_1_221' title='bbox 3742 3021 3925 3109; x_wconf 87' lang='lat' dir='ltr'>suit.</span> <span class='ocrx_word' id='word_1_222' title='bbox 3988 3021 4434 3110; x_wconf 82' lang='lat' dir='ltr'>Dominus·</span> 
     </span>
     <span class='ocr_line' id='line_1_24' title="bbox 1032 3141 4404 3260; baseline 0.001 -32"><span class='ocrx_word' id='word_1_223' title='bbox 1032 3141 1534 3232; x_wconf 80' lang='lat' dir='ltr'>Secretarius</span> <span class='ocrx_word' id='word_1_224' title='bbox 1596 3174 1791 3229; x_wconf 89' lang='lat' dir='ltr'>cum</span> <span class='ocrx_word' id='word_1_225' title='bbox 1857 3145 1949 3228; x_wconf 94' lang='lat' dir='ltr'>P.</span> <span class='ocrx_word' id='word_1_226' title='bbox 2018 3144 2559 3231; x_wconf 86' lang='lat' dir='ltr'>Procuratore</span> <span class='ocrx_word' id='word_1_227' title='bbox 2643 3144 3033 3232; x_wconf 90' lang='lat' dir='ltr'>Generali</span> <span class='ocrx_word' id='word_1_228' title='bbox 3084 3145 3757 3260; x_wconf 88' lang='lat' dir='ltr'>Capuccinorum</span> <span class='ocrx_word' id='word_1_229' title='bbox 3794 3206 3818 3249; x_wconf 93' lang='lat'>,</span> <span class='ocrx_word' id='word_1_230' title='bbox 3884 3166 3982 3228; x_wconf 91' lang='lat' dir='ltr'>ut</span> <span class='ocrx_word' id='word_1_231' title='bbox 4060 3148 4404 3230; x_wconf 87' lang='lat' dir='ltr'>omnino</span> 
     </span>
     <span class='ocr_line' id='line_1_25' title="bbox 1027 3258 4402 3381; baseline 0.001 -35"><span class='ocrx_word' id='word_1_232' title='bbox 1027 3258 1373 3349; x_wconf 86' lang='lat' dir='ltr'>mandet</span> <span class='ocrx_word' id='word_1_233' title='bbox 1420 3262 2031 3351; x_wconf 83' lang='lat' dir='ltr'>observantiam</span> <span class='ocrx_word' id='word_1_234' title='bbox 2112 3263 2425 3352; x_wconf 90' lang='lat' dir='ltr'>decreti</span> <span class='ocrx_word' id='word_1_235' title='bbox 2492 3298 2537 3351; x_wconf 91' lang='lat' dir='ltr'>a</span> <span class='ocrx_word' id='word_1_236' title='bbox 2585 3265 3028 3353; x_wconf 89' lang='lat' dir='ltr'>Visitatore</span> <span class='ocrx_word' id='word_1_237' title='bbox 3096 3265 3572 3381; x_wconf 81' lang='lat' dir='ltr'>Apostolico</span> <span class='ocrx_word' id='word_1_238' title='bbox 3637 3264 4094 3350; x_wconf 87' lang='lat' dir='ltr'>insularum</span> <span class='ocrx_word' id='word_1_239' title='bbox 4156 3267 4402 3351; x_wconf 88' lang='lat' dir='ltr'>maris</span> 
     </span>
     <span class='ocr_line' id='line_1_26' title="bbox 1029 3382 4403 3504; baseline 0.002 -38"><span class='ocrx_word' id='word_1_240' title='bbox 1029 3383 1289 3495; x_wconf 83' lang='lat' dir='ltr'>Aegei</span> <span class='ocrx_word' id='word_1_241' title='bbox 1334 3387 1695 3470; x_wconf 89' lang='lat' dir='ltr'>emanati</span> <span class='ocrx_word' id='word_1_242' title='bbox 1747 3382 1854 3472; x_wconf 92' lang='lat' dir='ltr'>de</span> <span class='ocrx_word' id='word_1_243' title='bbox 1904 3416 2125 3472; x_wconf 90' lang='lat' dir='ltr'>auno</span> <span class='ocrx_word' id='word_1_244' title='bbox 2185 3390 2438 3501; x_wconf 83' lang='lat'>1679.</span> <span class='ocrx_word' id='word_1_245' title='bbox 2490 3390 2732 3499; x_wconf 87' lang='lat' dir='ltr'>cujus</span> <span class='ocrx_word' id='word_1_246' title='bbox 2780 3408 3018 3472; x_wconf 90' lang='lat' dir='ltr'>tenor</span> <span class='ocrx_word' id='word_1_247' title='bbox 3067 3409 3191 3474; x_wconf 90' lang='lat' dir='ltr'>est</span> <span class='ocrx_word' id='word_1_248' title='bbox 3247 3388 3422 3504; x_wconf 83' lang='lat' dir='ltr'>qui&#39;</span> <span class='ocrx_word' id='word_1_249' title='bbox 3461 3387 3857 3504; x_wconf 88' lang='lat' dir='ltr'>sequitur.</span> <span class='ocrx_word' id='word_1_250' title='bbox 3910 3425 3970 3459; x_wconf 70' lang='grc' dir='ltr'>ιι</span> <span class='ocrx_word' id='word_1_251' title='bbox 4021 3382 4206 3502; x_wconf 83' lang='lat' dir='ltr'>Che</span> <span class='ocrx_word' id='word_1_252' title='bbox 4257 3415 4403 3501; x_wconf 88' lang='lat' dir='ltr'>per</span> 
     </span>
     <span class='ocr_line' id='line_1_27' title="bbox 1032 3499 4405 3621; baseline 0 -32"><span class='ocrx_word' id='word_1_253' title='bbox 1032 3499 1464 3611; x_wconf 86' lang='lat' dir='ltr'>aderenti,</span> <span class='ocrx_word' id='word_1_254' title='bbox 1529 3503 2027 3617; x_wconf 88' lang='lat' dir='ltr'>famigliari,</span> <span class='ocrx_word' id='word_1_255' title='bbox 2089 3537 2138 3591; x_wconf 92' lang='lat' dir='ltr'>e</span> <span class='ocrx_word' id='word_1_256' title='bbox 2190 3505 2621 3592; x_wconf 88' lang='lat' dir='ltr'>domestici</span> <span class='ocrx_word' id='word_1_257' title='bbox 2696 3503 2912 3591; x_wconf 90' lang='lat' dir='ltr'>della</span> <span class='ocrx_word' id='word_1_258' title='bbox 2991 3508 3342 3591; x_wconf 87' lang='lat' dir='ltr'>nazione</span> <span class='ocrx_word' id='word_1_259' title='bbox 3402 3501 3772 3592; x_wconf 87' lang='lat' dir='ltr'>francese</span> <span class='ocrx_word' id='word_1_260' title='bbox 3847 3507 4186 3621; x_wconf 90' lang='lat' dir='ltr'>espressi</span> <span class='ocrx_word' id='word_1_261' title='bbox 4265 3505 4405 3592; x_wconf 91' lang='lat' dir='ltr'>nel</span> 
     </span>
     <span class='ocr_line' id='line_1_28' title="bbox 1031 3620 4406 3740; baseline 0.002 -34"><span class='ocrx_word' id='word_1_262' title='bbox 1031 3620 1366 3709; x_wconf 87' lang='lat' dir='ltr'>decreto</span> <span class='ocrx_word' id='word_1_263' title='bbox 1416 3623 1631 3710; x_wconf 90' lang='lat' dir='ltr'>della</span> <span class='ocrx_word' id='word_1_264' title='bbox 1714 3627 1959 3736; x_wconf 87' lang='lat' dir='ltr'>Sagra</span> <span class='ocrx_word' id='word_1_265' title='bbox 2012 3624 2687 3740; x_wconf 80' lang='lat' dir='ltr'>congregazione</span> <span class='ocrx_word' id='word_1_266' title='bbox 2738 3623 2844 3710; x_wconf 88' lang='lat' dir='ltr'>de</span> <span class='ocrx_word' id='word_1_267' title='bbox 2895 3622 3433 3740; x_wconf 86' lang='lat' dir='ltr'>Propaganda</span> <span class='ocrx_word' id='word_1_268' title='bbox 3485 3622 3694 3712; x_wconf 90' lang='lat' dir='ltr'>Fide</span> <span class='ocrx_word' id='word_1_269' title='bbox 3778 3622 3913 3710; x_wconf 90' lang='lat' dir='ltr'>dei</span> <span class='ocrx_word' id='word_1_270' title='bbox 3981 3655 4120 3739; x_wconf 78' lang='lat'>²9·</span> <span class='ocrx_word' id='word_1_271' title='bbox 4175 3625 4406 3712; x_wconf 87' lang='lat' dir='ltr'>Gen·</span> 
     </span>
     <span class='ocr_line' id='line_1_29' title="bbox 1033 3742 4402 3866; baseline 0.001 -39"><span class='ocrx_word' id='word_1_272' title='bbox 1033 3745 1229 3855; x_wconf 84' lang='lat' dir='ltr'>najo</span> <span class='ocrx_word' id='word_1_273' title='bbox 1290 3748 1536 3858; x_wconf 83' lang='lat'>1667.</span> <span class='ocrx_word' id='word_1_274' title='bbox 1588 3742 2105 3832; x_wconf 84' lang='lat' dir='ltr'>s’intendano</span> <span class='ocrx_word' id='word_1_275' title='bbox 2153 3776 2320 3830; x_wconf 91' lang='lat' dir='ltr'>non</span> <span class='ocrx_word' id='word_1_276' title='bbox 2372 3745 2825 3832; x_wconf 86' lang='lat' dir='ltr'>solamente</span> <span class='ocrx_word' id='word_1_277' title='bbox 2876 3748 3131 3866; x_wconf 89' lang='lat' dir='ltr'>quelli</span> <span class='ocrx_word' id='word_1_278' title='bbox 3184 3745 3404 3832; x_wconf 89' lang='lat' dir='ltr'>della</span> <span class='ocrx_word' id='word_1_279' title='bbox 3455 3775 3632 3831; x_wconf 90' lang='lat' dir='ltr'>casa</span> <span class='ocrx_word' id='word_1_280' title='bbox 3672 3807 3697 3851; x_wconf 92' lang='lat'>,</span> <span class='ocrx_word' id='word_1_281' title='bbox 3750 3775 3798 3830; x_wconf 93' lang='lat' dir='ltr'>e</span> <span class='ocrx_word' id='word_1_282' title='bbox 3847 3743 4208 3859; x_wconf 81' lang='lat' dir='ltr'>famiglia</span> <span class='ocrx_word' id='word_1_283' title='bbox 4261 3744 4402 3832; x_wconf 90' lang='lat' dir='ltr'>del</span> 
     </span>
     <span class='ocr_line' id='line_1_30' title="bbox 1034 3860 4405 3973; baseline 0.001 -27"><span class='ocrx_word' id='word_1_284' title='bbox 1034 3860 1200 3973; x_wconf 87' lang='lat' dir='ltr'>Sig.</span> <span class='ocrx_word' id='word_1_285' title='bbox 1276 3861 1636 3950; x_wconf 89' lang='lat' dir='ltr'>Console</span> <span class='ocrx_word' id='word_1_286' title='bbox 1686 3861 1772 3950; x_wconf 95' lang='lat' dir='ltr'>di</span> <span class='ocrx_word' id='word_1_287' title='bbox 1825 3865 2226 3972; x_wconf 89' lang='lat' dir='ltr'>Francia,</span> <span class='ocrx_word' id='word_1_288' title='bbox 2298 3897 2431 3950; x_wconf 89' lang='lat' dir='ltr'>ma</span> <span class='ocrx_word' id='word_1_289' title='bbox 2488 3897 2784 3951; x_wconf 87' lang='lat' dir='ltr'>ancora</span> <span class='ocrx_word' id='word_1_290' title='bbox 2838 3866 2896 3950; x_wconf 92' lang='lat' dir='ltr'>li</span> <span class='ocrx_word' id='word_1_291' title='bbox 2960 3865 3433 3971; x_wconf 86' lang='lat' dir='ltr'>domestici,</span> <span class='ocrx_word' id='word_1_292' title='bbox 3503 3863 3878 3951; x_wconf 89' lang='lat' dir='ltr'>familiari</span> <span class='ocrx_word' id='word_1_293' title='bbox 3933 3897 3980 3953; x_wconf 92' lang='lat' dir='ltr'>e</span> <span class='ocrx_word' id='word_1_294' title='bbox 4027 3866 4405 3954; x_wconf 84' lang='lat' dir='ltr'>servitori</span> 
     </span>
     <span class='ocr_line' id='line_1_31' title="bbox 1034 3980 4405 4101; baseline 0.002 -36"><span class='ocrx_word' id='word_1_295' title='bbox 1034 3980 1119 4066; x_wconf 85' lang='lat' dir='ltr'>di</span> <span class='ocrx_word' id='word_1_296' title='bbox 1174 3985 1367 4068; x_wconf 89' lang='lat' dir='ltr'>tutti</span> <span class='ocrx_word' id='word_1_297' title='bbox 1418 3983 1528 4095; x_wconf 90' lang='lat' dir='ltr'>gli</span> <span class='ocrx_word' id='word_1_298' title='bbox 1569 3986 1762 4072; x_wconf 85' lang='lat' dir='ltr'>altri</span> <span class='ocrx_word' id='word_1_299' title='bbox 1816 3985 2202 4072; x_wconf 88' lang='lat' dir='ltr'>Francesi</span> <span class='ocrx_word' id='word_1_300' title='bbox 2240 4048 2264 4090; x_wconf 93' lang='lat'>,</span> <span class='ocrx_word' id='word_1_301' title='bbox 2317 3985 2590 4072; x_wconf 78' lang='lat' dir='ltr'>sicche</span> <span class='ocrx_word' id='word_1_302' title='bbox 2645 3987 2704 4071; x_wconf 90' lang='lat' dir='ltr'>li</span> <span class='ocrx_word' id='word_1_303' title='bbox 2751 3984 2912 4071; x_wconf 91' lang='grc' dir='ltr'>ΡΡ.</span> <span class='ocrx_word' id='word_1_304' title='bbox 2954 3988 3466 4101; x_wconf 87' lang='lat' dir='ltr'>Cappuccini</span> <span class='ocrx_word' id='word_1_305' title='bbox 3517 4016 3868 4101; x_wconf 84' lang='lat' dir='ltr'>possano</span> <span class='ocrx_word' id='word_1_306' title='bbox 3931 3987 4073 4072; x_wconf 85' lang='lat' dir='ltr'>alli</span> <span class='ocrx_word' id='word_1_307' title='bbox 4119 3984 4405 4082; x_wconf 62' lang='lat' dir='ltr'>mede-⁴</span> 
     </span>
     <span class='ocr_line' id='line_1_32' title="bbox 1033 4105 4406 4221; baseline 0.002 -35"><span class='ocrx_word' id='word_1_308' title='bbox 1033 4105 1218 4190; x_wconf 86' lang='lat' dir='ltr'>simi</span> <span class='ocrx_word' id='word_1_309' title='bbox 1268 4106 1875 4193; x_wconf 87' lang='lat' dir='ltr'>amministrare</span> <span class='ocrx_word' id='word_1_310' title='bbox 1926 4107 1981 4190; x_wconf 92' lang='lat' dir='ltr'>li</span> <span class='ocrx_word' id='word_1_311' title='bbox 2050 4107 2561 4217; x_wconf 88' lang='lat' dir='ltr'>Sagramenti</span> <span class='ocrx_word' id='word_1_312' title='bbox 2612 4105 3216 4221; x_wconf 87' lang='lat' dir='ltr'>parroechiali‚</span> <span class='ocrx_word' id='word_1_313' title='bbox 3280 4137 3431 4221; x_wconf 89' lang='lat' dir='ltr'>per</span> <span class='ocrx_word' id='word_1_314' title='bbox 3514 4106 3571 4190; x_wconf 90' lang='lat' dir='ltr'>il</span> <span class='ocrx_word' id='word_1_315' title='bbox 3639 4127 3915 4220; x_wconf 89' lang='lat' dir='ltr'>tempo</span> <span class='ocrx_word' id='word_1_316' title='bbox 3981 4114 4181 4221; x_wconf 78' lang='lat' dir='ltr'>pero</span> <span class='ocrx_word' id='word_1_317' title='bbox 4245 4105 4406 4192; x_wconf 90' lang='lat' dir='ltr'>che</span> 
     </span>
     <span class='ocr_line' id='line_1_33' title="bbox 1032 4220 4400 4315; baseline 0.002 -9"><span class='ocrx_word' id='word_1_318' title='bbox 1032 4223 1095 4306; x_wconf 87' lang='lat' dir='ltr'>li</span> <span class='ocrx_word' id='word_1_319' title='bbox 1148 4220 1353 4308; x_wconf 90' lang='lat' dir='ltr'>detti</span> <span class='ocrx_word' id='word_1_320' title='bbox 1404 4227 1776 4312; x_wconf 84' lang='lat' dir='ltr'>servitori</span> <span class='ocrx_word' id='word_1_321' title='bbox 1825 4223 2150 4312; x_wconf 77' lang='lat' dir='ltr'>benche</span> <span class='ocrx_word' id='word_1_322' title='bbox 2199 4222 2286 4309; x_wconf 89' lang='lat' dir='ltr'>di</span> <span class='ocrx_word' id='word_1_323' title='bbox 2339 4226 2543 4311; x_wconf 88' lang='lat' dir='ltr'>altra</span> <span class='ocrx_word' id='word_1_324' title='bbox 2595 4227 2944 4313; x_wconf 87' lang='lat' dir='ltr'>nazione</span> <span class='ocrx_word' id='word_1_325' title='bbox 2978 4230 3044 4312; x_wconf 91' lang='lat' dir='ltr'>si</span> <span class='ocrx_word' id='word_1_326' title='bbox 3094 4249 3441 4312; x_wconf 90' lang='lat' dir='ltr'>trovano</span> <span class='ocrx_word' id='word_1_327' title='bbox 3473 4226 3692 4313; x_wconf 89' lang='lat' dir='ltr'>nella</span> <span class='ocrx_word' id='word_1_328' title='bbox 3742 4230 4055 4315; x_wconf 75' lang='lat' dir='ltr'>servitu</span> <span class='ocrx_word' id='word_1_329' title='bbox 4102 4224 4189 4310; x_wconf 89' lang='lat' dir='ltr'>di</span> <span class='ocrx_word' id='word_1_330' title='bbox 4242 4228 4400 4314; x_wconf 83' lang='lat' dir='ltr'>essi</span> 
     </span>
     <span class='ocr_line' id='line_1_34' title="bbox 1033 4339 4399 4463; baseline 0.002 -38"><span class='ocrx_word' id='word_1_331' title='bbox 1033 4340 1426 4455; x_wconf 89' lang='lat' dir='ltr'>padroni,</span> <span class='ocrx_word' id='word_1_332' title='bbox 1492 4342 1712 4430; x_wconf 90' lang='lat' dir='ltr'>dalla</span> <span class='ocrx_word' id='word_1_333' title='bbox 1760 4347 2070 4433; x_wconf 82' lang='lat' dir='ltr'>servitu</span> <span class='ocrx_word' id='word_1_334' title='bbox 2122 4339 2250 4431; x_wconf 69' lang='lat' dir='ltr'>de‘</span> <span class='ocrx_word' id='word_1_335' title='bbox 2280 4346 2507 4463; x_wconf 88' lang='lat' dir='ltr'>quali</span> <span class='ocrx_word' id='word_1_336' title='bbox 2573 4343 3155 4444; x_wconf 87' lang='lat' dir='ltr'>licenziaudosi</span> <span class='ocrx_word' id='word_1_337' title='bbox 3187 4410 3212 4453; x_wconf 92' lang='lat'>,</span> <span class='ocrx_word' id='word_1_338' title='bbox 3265 4349 3495 4431; x_wconf 86' lang='lat' dir='ltr'>siano</span> <span class='ocrx_word' id='word_1_339' title='bbox 3529 4407 3553 4452; x_wconf 93' lang='lat'>,</span> <span class='ocrx_word' id='word_1_340' title='bbox 3605 4376 3655 4433; x_wconf 92' lang='lat' dir='ltr'>e</span> <span class='ocrx_word' id='word_1_341' title='bbox 3701 4345 4221 4434; x_wconf 88' lang='lat' dir='ltr'>s’intendano</span> <span class='ocrx_word' id='word_1_342' title='bbox 4269 4378 4399 4432; x_wconf 90' lang='lat' dir='ltr'>su·</span> 
     </span>
     <span class='ocr_line' id='line_1_35' title="bbox 1034 4459 4397 4582; baseline 0.002 -35"><span class='ocrx_word' id='word_1_343' title='bbox 1034 4459 1456 4547; x_wconf 87' lang='lat' dir='ltr'>bordiuati</span> <span class='ocrx_word' id='word_1_344' title='bbox 1513 4465 1674 4550; x_wconf 87' lang='lat' dir='ltr'>alla</span> <span class='ocrx_word' id='word_1_345' title='bbox 1724 4462 2198 4580; x_wconf 82' lang='lat' dir='ltr'>parroechia</span> <span class='ocrx_word' id='word_1_346' title='bbox 2249 4465 2595 4552; x_wconf 88' lang='lat' dir='ltr'>Veneta.</span> <span class='ocrx_word' id='word_1_347' title='bbox 2665 4465 2776 4555; x_wconf 80' lang='lat' dir='ltr'>V.</span> <span class='ocrx_word' id='word_1_348' title='bbox 2837 4465 3324 4553; x_wconf 81' lang='lat' dir='ltr'>Cardinalis</span> <span class='ocrx_word' id='word_1_349' title='bbox 3376 4467 3637 4551; x_wconf 78' lang='lat' dir='ltr'>Petra</span> <span class='ocrx_word' id='word_1_350' title='bbox 3686 4466 4223 4582; x_wconf 70' lang='lat' dir='ltr'>Praefectus:</span> <span class='ocrx_word' id='word_1_351' title='bbox 4278 4466 4397 4555; x_wconf 87' lang='lat' dir='ltr'>N.</span> 
     </span>
     <span class='ocr_line' id='line_1_36' title="bbox 1034 4582 4394 4705; baseline 0.002 -39"><span class='ocrx_word' id='word_1_352' title='bbox 1034 4583 1128 4666; x_wconf 83' lang='lat' dir='ltr'><em>F</em></span> <span class='ocrx_word' id='word_1_353' title='bbox 1118 4585 1591 4698; x_wconf 74' lang='lat' dir='ltr'>ortiguerra</span> <span class='ocrx_word' id='word_1_354' title='bbox 1661 4585 2238 4670; x_wconf 80' lang='lat' dir='ltr'>Secretarius:</span> <span class='ocrx_word' id='word_1_355' title='bbox 2308 4583 2487 4669; x_wconf 83' lang='lat' dir='ltr'>loco</span> <span class='ocrx_word' id='word_1_356' title='bbox 2521 4582 2627 4686; x_wconf 60' lang='grc' dir='ltr'>ἐξ(</span> <span class='ocrx_word' id='word_1_357' title='bbox 2659 4585 2952 4705; x_wconf 81' lang='lat' dir='ltr'>sigilli.</span> <span class='ocrx_word' id='word_1_358' title='bbox 3008 4585 3228 4671; x_wconf 90' lang='lat' dir='ltr'>Cum</span> <span class='ocrx_word' id='word_1_359' title='bbox 3279 4584 3556 4672; x_wconf 83' lang='lat' dir='ltr'>autem</span> <span class='ocrx_word' id='word_1_360' title='bbox 3607 4588 3823 4672; x_wconf 83' lang='lat' dir='ltr'>sicut</span> <span class='ocrx_word' id='word_1_361' title='bbox 3887 4586 4241 4674; x_wconf 87' lang='lat' dir='ltr'>dilectus</span> <span class='ocrx_word' id='word_1_362' title='bbox 4304 4586 4394 4674; x_wconf 85' lang='lat' dir='ltr'>fi·</span> 
     </span>
     <span class='ocr_line' id='line_1_37' title="bbox 1037 4700 4401 4821; baseline 0.003 -37"><span class='ocrx_word' id='word_1_363' title='bbox 1037 4701 1196 4785; x_wconf 90' lang='lat' dir='ltr'>lius</span> <span class='ocrx_word' id='word_1_364' title='bbox 1230 4700 1767 4790; x_wconf 88' lang='lat' dir='ltr'>Cherubinus</span> <span class='ocrx_word' id='word_1_365' title='bbox 1816 4702 1923 4790; x_wconf 94' lang='lat' dir='ltr'>de</span> <span class='ocrx_word' id='word_1_366' title='bbox 1958 4703 2235 4808; x_wconf 87' lang='lat' dir='ltr'>Noves</span> <span class='ocrx_word' id='word_1_367' title='bbox 2283 4700 2533 4790; x_wconf 85' lang='lat' dir='ltr'>frater</span> <span class='ocrx_word' id='word_1_368' title='bbox 2578 4737 2951 4820; x_wconf 83' lang='lat' dir='ltr'>expresse</span> <span class='ocrx_word' id='word_1_369' title='bbox 3001 4704 3407 4820; x_wconf 87' lang='lat' dir='ltr'>professus</span> <span class='ocrx_word' id='word_1_370' title='bbox 3456 4704 3830 4821; x_wconf 82' lang='lat' dir='ltr'>ejusdem</span> <span class='ocrx_word' id='word_1_371' title='bbox 3868 4705 4214 4793; x_wconf 83' lang='lat' dir='ltr'>Ordinis</span> <span class='ocrx_word' id='word_1_372' title='bbox 4241 4706 4401 4794; x_wconf 81' lang='lat' dir='ltr'>Ca-</span> 
     </span>
     <span class='ocr_line' id='line_1_38' title="bbox 1037 4819 4400 4940; baseline 0.003 -34"><span class='ocrx_word' id='word_1_373' title='bbox 1037 4824 1587 4935; x_wconf 88' lang='lat' dir='ltr'>pucciuorum</span> <span class='ocrx_word' id='word_1_374' title='bbox 1638 4856 1733 4911; x_wconf 90' lang='lat' dir='ltr'>ac</span> <span class='ocrx_word' id='word_1_375' title='bbox 1818 4825 2145 4909; x_wconf 90' lang='lat' dir='ltr'>illarum</span> <span class='ocrx_word' id='word_1_376' title='bbox 2197 4823 2690 4914; x_wconf 90' lang='lat' dir='ltr'>Missionum</span> <span class='ocrx_word' id='word_1_377' title='bbox 2749 4827 2832 4910; x_wconf 90' lang='lat' dir='ltr'>in</span> <span class='ocrx_word' id='word_1_378' title='bbox 2898 4826 3272 4940; x_wconf 86' lang='lat' dir='ltr'>partibus</span> <span class='ocrx_word' id='word_1_379' title='bbox 3349 4823 3816 4912; x_wconf 84' lang='lat' dir='ltr'>infidelium</span> <span class='ocrx_word' id='word_1_380' title='bbox 3872 4819 4400 4916; x_wconf 81' lang='lat' dir='ltr'>existentium</span> 
     </span>
     <span class='ocr_line' id='line_1_39' title="bbox 1037 4942 4396 5068; baseline 0.003 -43"><span class='ocrx_word' id='word_1_381' title='bbox 1037 4944 1119 5025; x_wconf 80' lang='lat' dir='ltr'>iu</span> <span class='ocrx_word' id='word_1_382' title='bbox 1178 4973 1508 5029; x_wconf 90' lang='lat' dir='ltr'>romana</span> <span class='ocrx_word' id='word_1_383' title='bbox 1579 4947 1803 5030; x_wconf 89' lang='lat' dir='ltr'>curia</span> <span class='ocrx_word' id='word_1_384' title='bbox 1859 4943 2351 5028; x_wconf 86' lang='lat' dir='ltr'>Procurator</span> <span class='ocrx_word' id='word_1_385' title='bbox 2400 4942 2662 5029; x_wconf 88' lang='lat' dir='ltr'>Nobis</span> <span class='ocrx_word' id='word_1_386' title='bbox 2743 4943 3104 5032; x_wconf 89' lang='lat' dir='ltr'>subinde</span> <span class='ocrx_word' id='word_1_387' title='bbox 3152 4950 3449 5061; x_wconf 81' lang='lat' dir='ltr'>exponi</span> <span class='ocrx_word' id='word_1_388' title='bbox 3497 4942 3766 5053; x_wconf 77' lang='lat' dir='ltr'>fecit,</span> <span class='ocrx_word' id='word_1_389' title='bbox 3829 4951 3998 5060; x_wconf 88' lang='lat' dir='ltr'>ipse</span> <span class='ocrx_word' id='word_1_390' title='bbox 4079 4980 4252 5068; x_wconf 88' lang='lat' dir='ltr'>quo</span> <span class='ocrx_word' id='word_1_391' title='bbox 4312 4952 4396 5034; x_wconf 90' lang='lat' dir='ltr'>in</span> 
     </span>
     <span class='ocr_line' id='line_1_40' title="bbox 1035 5062 4401 5178; baseline 0.003 -33"><span class='ocrx_word' id='word_1_392' title='bbox 1035 5084 1456 5174; x_wconf 89' lang='lat' dir='ltr'>posterum</span> <span class='ocrx_word' id='word_1_393' title='bbox 1509 5096 1665 5178; x_wconf 81' lang='lat' dir='ltr'>pax</span> <span class='ocrx_word' id='word_1_394' title='bbox 1712 5062 2031 5148; x_wconf 90' lang='lat' dir='ltr'>firmius</span> <span class='ocrx_word' id='word_1_395' title='bbox 2082 5062 2549 5148; x_wconf 89' lang='lat' dir='ltr'>stabiliatur</span> <span class='ocrx_word' id='word_1_396' title='bbox 2587 5127 2612 5171; x_wconf 94' lang='lat'>,</span> <span class='ocrx_word' id='word_1_397' title='bbox 2661 5095 2755 5150; x_wconf 90' lang='lat' dir='ltr'>er</span> <span class='ocrx_word' id='word_1_398' title='bbox 2805 5097 3068 5153; x_wconf 87' lang='lat' dir='ltr'>novae</span> <span class='ocrx_word' id='word_1_399' title='bbox 3119 5063 3663 5155; x_wconf 85' lang='lat' dir='ltr'>dissensiones</span> <span class='ocrx_word' id='word_1_400' title='bbox 3713 5069 4133 5154; x_wconf 75' lang='lat' dir='ltr'>evitentur</span> <span class='ocrx_word' id='word_1_401' title='bbox 4163 5132 4189 5176; x_wconf 90' lang='lat'>,</span> <span class='ocrx_word' id='word_1_402' title='bbox 4257 5068 4401 5156; x_wconf 87' lang='lat' dir='ltr'>de·-</span> 
     </span>
     <span class='ocr_line' id='line_1_41' title="bbox 1038 5177 4397 5301; baseline 0.002 -35"><span class='ocrx_word' id='word_1_403' title='bbox 1038 5205 1253 5267; x_wconf 89' lang='lat' dir='ltr'>creta</span> <span class='ocrx_word' id='word_1_404' title='bbox 1305 5180 1786 5297; x_wconf 87' lang='lat' dir='ltr'>hujusmodi</span> <span class='ocrx_word' id='word_1_405' title='bbox 1840 5212 2008 5297; x_wconf 86' lang='lat' dir='ltr'>quo</span> <span class='ocrx_word' id='word_1_406' title='bbox 2058 5179 2375 5267; x_wconf 80' lang='lat' dir='ltr'>firmius</span> <span class='ocrx_word' id='word_1_407' title='bbox 2424 5183 2871 5272; x_wconf 85' lang='lat' dir='ltr'>subsistant</span> <span class='ocrx_word' id='word_1_408' title='bbox 2903 5248 2929 5292; x_wconf 92' lang='lat'>,</span> <span class='ocrx_word' id='word_1_409' title='bbox 2983 5177 3505 5301; x_wconf 86' lang='lat' dir='ltr'>Apostolicae</span> <span class='ocrx_word' id='word_1_410' title='bbox 3555 5184 4202 5276; x_wconf 87' lang='lat' dir='ltr'>confirmationis</span> <span class='ocrx_word' id='word_1_411' title='bbox 4254 5222 4397 5280; x_wconf 84' lang='lat' dir='ltr'>no-</span> 
     </span>
     <span class='ocr_line' id='line_1_42' title="bbox 1036 5299 4398 5421; baseline 0.004 -38"><span class='ocrx_word' id='word_1_412' title='bbox 1036 5315 1247 5387; x_wconf 78' lang='lat' dir='ltr'>st‘rae</span> <span class='ocrx_word' id='word_1_413' title='bbox 1299 5305 1755 5415; x_wconf 89' lang='lat' dir='ltr'>patrocinio</span> <span class='ocrx_word' id='word_1_414' title='bbox 1802 5303 2257 5416; x_wconf 87' lang='lat' dir='ltr'>plurimum</span> <span class='ocrx_word' id='word_1_415' title='bbox 2304 5299 2740 5391; x_wconf 86' lang='lat' dir='ltr'>desideret.</span> <span class='ocrx_word' id='word_1_416' title='bbox 2793 5305 2966 5391; x_wconf 87' lang='lat' dir='ltr'>Nos</span> <span class='ocrx_word' id='word_1_417' title='bbox 3014 5307 3452 5420; x_wconf 89' lang='lat' dir='ltr'>specialem</span> <span class='ocrx_word' id='word_1_418' title='bbox 3499 5309 3658 5421; x_wconf 80' lang='lat' dir='ltr'>ip&#39;si</span> <span class='ocrx_word' id='word_1_419' title='bbox 3687 5304 4185 5394; x_wconf 84' lang='lat' dir='ltr'>Cherubiuo</span> <span class='ocrx_word' id='word_1_420' title='bbox 4219 5338 4398 5420; x_wconf 86' lang='lat' dir='ltr'>gra-</span> 
     </span>
     <span class='ocr_line' id='line_1_43' title="bbox 1038 5418 4400 5546; baseline 0.003 -41"><span class='ocrx_word' id='word_1_421' title='bbox 1038 5423 1235 5505; x_wconf 87' lang='lat' dir='ltr'>tiam</span> <span class='ocrx_word' id='word_1_422' title='bbox 1291 5418 1558 5510; x_wconf 84' lang='lat' dir='ltr'>facere</span> <span class='ocrx_word' id='word_1_423' title='bbox 1605 5423 1980 5510; x_wconf 87' lang='lat' dir='ltr'>volentes</span> <span class='ocrx_word' id='word_1_424' title='bbox 2009 5484 2033 5531; x_wconf 85' lang='lat'>,</span> <span class='ocrx_word' id='word_1_425' title='bbox 2087 5453 2453 5541; x_wconf 88' lang='lat' dir='ltr'>eumque</span> <span class='ocrx_word' id='word_1_426' title='bbox 2502 5457 2560 5512; x_wconf 78' lang='lat' dir='ltr'>a.</span> <span class='ocrx_word' id='word_1_427' title='bbox 2598 5427 3031 5546; x_wconf 88' lang='lat' dir='ltr'>quibusvis</span> <span class='ocrx_word' id='word_1_428' title='bbox 3079 5429 4014 5534; x_wconf 70' lang='lat' dir='ltr'>excommunicationis,</span> <span class='ocrx_word' id='word_1_429' title='bbox 4061 5459 4400 5545; x_wconf 87' lang='lat' dir='ltr'>suspen-</span> 
     </span>
     <span class='ocr_line' id='line_1_44' title="bbox 1037 5540 4406 5666; baseline 0.006 -44"><span class='ocrx_word' id='word_1_430' title='bbox 1037 5541 1338 5647; x_wconf 86' lang='lat' dir='ltr'>sionis,</span> <span class='ocrx_word' id='word_1_431' title='bbox 1377 5567 1460 5630; x_wconf 87' lang='lat' dir='ltr'>et</span> <span class='ocrx_word' id='word_1_432' title='bbox 1508 5540 1992 5647; x_wconf 87' lang='lat' dir='ltr'>interdicti,</span> <span class='ocrx_word' id='word_1_433' title='bbox 2030 5542 2372 5664; x_wconf 87' lang='lat' dir='ltr'>aliisque</span> <span class='ocrx_word' id='word_1_434' title='bbox 2420 5544 2986 5636; x_wconf 88' lang='lat' dir='ltr'>ecclesiasticis</span> <span class='ocrx_word' id='word_1_435' title='bbox 3037 5549 3405 5636; x_wconf 80' lang='lat' dir='ltr'>censuris</span> <span class='ocrx_word' id='word_1_436' title='bbox 3454 5549 3843 5665; x_wconf 74' lang='lat' dir='ltr'>expressis</span> <span class='ocrx_word' id='word_1_437' title='bbox 3889 5581 3938 5640; x_wconf 88' lang='lat' dir='ltr'>a</span> <span class='ocrx_word' id='word_1_438' title='bbox 3988 5553 4226 5666; x_wconf 79' lang='lat' dir='ltr'>jure,</span> <span class='ocrx_word' id='word_1_439' title='bbox 4262 5551 4406 5646; x_wconf 85' lang='lat' dir='ltr'>vel</span> 
     </span>
    </p>
   </div>
  </div>
 </body>
</html>
