4834 6409
3634 478 3799 589 341

1776 601 1884 687 :C
1939 604 2178 692 ·A··P.
2259 603 2417 703 .,11.
2506 601 2515 611 '
3492 598 3627 669 '·.
3692 601 3791 669 :⁸-v

656 847 796 931 De
856 849 1293 964 regimine,
1344 858 1424 926 et
1465 830 1591 927 de.
1639 842 1931 928 ordine
1968 909 1992 953 ,
2053 864 2318 967 atque
2349 810 3034 965 praeeminentia
3083 840 3603 975 Abbatum...

538 1085 605 1169 1.
643 1086 894 1172 ‚Cum
948 1082 1302 1189 dudum,
1369 1081 1530 1167 Dei
1573 1079 2234 1197 favente-gratia,
2289 1118 2384 1173 ex
2445 1087 2815 1201 plurium
2865 1083 3559 1183 Monasteriorum
3646 1085 3809 1170 Or-

419 1204 637 1291 dinis
679 1210 758 1294 S.
797 1209 1063 1309 ‘Patris
1105 1205 1355 1289 nostri
1412 1206 1748 1289 Antonii
1805 1210 2116 1292 unione
2173 1208 2724 1318 Congregatio
2777 1203 3829 1325 nostraein'Dominozcoae

369 1362 384 1371 ··
422 1327 671 1412 luerit
719 1391 743 1431 ,
814 1355 1177 1442 cumque
1245 1327 1327 1408 in
1401 1324 1628 1406 omni
1705 1325 1923 1412 bene
1988 1330 2438 1413 constituto
2505 1325 2939 1410 hominum
3005 1318 3246 1411 coetu
3304 1350 3649 1445 ⁹necesse
3712 1331 3817 1410 sit

419 1476 594 1533 esse
657 1449 1020 1565 aliquem
1074 1508 1112 1551 ,.
1172 1443 1305 1529 vel
1355 1443 1601 1529 etiam
1655 1444 1930 1556 plures
1969 1510 1992 1550 ,
2076 1453 2218 1564 qui
2287 1449 2485 1532 boni
2564 1444 3058 1530 universalis·
3109 1440 3740 1554 curam'ge‘rant
3786 1480 3807 1526 z

419 1589 740 1680 praeter
790 1600 933 1653 eos
979 1630 1003 1671 ,
1072 1567 1215 1682 qui
1271 1565 1511 1648 certis
1593 1562 2106 1670 Provinciis,
2177 1592 2259 1654 et
2309 1567 2944 1682 particularibus
3004 1565 3525 1650 Monasteriis
3585 1594 3821 1679 prae-

362 1715 370 1723 ·
420 1709 664 1791 sunt,
735 1683 1169 1799 eligendus
1217 1706 1342 1770 est
1390 1682 1675 1768 Abbas
1738 1684 2171 1772 Generalis
2203 1751 2225 1794 ,
2294 1692 2437 1805 qui
2490 1687 2719 1772 hunc
2769 1687 2923 1769 sibi
2988 1683 3239 1769 finem
3310 1688 3813 1791 constituat,

422 1832 519 1893 ut
567 1809 948 1894 universa
1022 1804 1587 1912 Congregatio
1639 1805 2242 1893 Monachorum
2295 1808 2521 1894 bene
2582 1805 3091 1918 gubernetur
3139 1868 3162 1910 ,
3232 1827 3817 1915 conservetur,

422 1951 507 2013 et
567 1951 988 2039 augeatur.
1057 1923 1162 2008 II.
1234 1923 1517 2030 Quare
1592 1948 1947 2038 potestas
2016 1928 2386 2013 Abbatis-
2435 1926 2863 2014 Generalis
2925 1948 3243 2029 summa
3296 1929 3507 2031 erit,
3574 1920 3657 2010 e't
3720 1927 3825 2012 ad

428 2066 769 2152 omnes,
836 2071 919 2133 et
959 2076 1168 2161 ..pec
1224 2048 1493 2127 omnia
1529 2104 1553 2149 ,
1629 2074 1779 2159 pro
1843 2078 2264 2132 sacrorum
2333 2048 2777 2133 Canonum
2857 2043 3386 2155 dispositione
3424 2098 3453 2150 ,ι
3514 2070 3827 2132 nostra-

427 2198 784 2283 rumque
837 2167 1562 2250 Constitutionum
1637 2170 2141 2279 praescripto
2201 2166 2721 2253 extendatur.
2788 2164 2943 2246 III.
2998 2164 3076 2248 Is
3126 2194 3370 2278 porro
3416 2162 3519 2249 fad
3574 2171 3828 2253 trien-

430 2289 702 2372 nium.
741 2283 1295 2372 instituendus
1356 2308 1524 2370 est:
1594 2317 1765 2403 quo
1814 2284 2189 2402 expletO,
2245 2290 2397 2372 nisi
2455 2320 2500 2372 a
2553 2286 3212 2397 Congregatione
3262 2283 3648 2372 Generali
3718 2285 3826 2372 ad

430 2408 782 2493 alterum
834 2410 1279 2493 triennium
1335 2402 1898 2514 confirmetur,
1941 2403 2344 2491 Officium
2398 2409 2800 2492 continuo
2851 2402 3239 2489 dimittat.
3278 2402 3423 2486 lv..
3479 2405 3580 2490 In
3633 2408 3827 2490 sub-

430 2525 734 2611 sidium
806 2559 1000 2613 vero
1066 2528 1536 2637 regiminis,
1617 2524 2008 2612 Generali
2091 2527 2396 2614 Abbati
2475 2528 2558 2610 in
2640 2555 2819 2611 eam
2897 2554 3149 2641 quam
3217 2521 3572 2609 diximus
3654 2559 3825 2613 am-

429 2645 927 2763 plitudinem
983 2648 1420 2751 commissi,
1464 2645 1820 2754 eligendi
1874 2671 2120 2731 erunt
2179 2648 2264 2730 in
2318 2646 2979 2756 Congregatione
3028 2642 3416 2730 Generali
3471 2669 3827 2762 quatuor

431 2766 934 2877 Hegumeni‚
989 2797 1352 2883 quorum
1407 2760 1811 2849 Officium
1863 2769 2163 2880 pariter
2214 2765 2320 2851 ad
2374 2768 2830 2852 triennium
2881 2760 3271 2870 durabit,
3325 2767 3479 2848 nisi
3536 2766 3640 2849 ab
3697 2800 3828 2852 ea·

433 2886 625 2971 dem
678 2887 1338 2995 Congregatione
1387 2881 1774 2969 Generali
1830 2883 1935 2969 ad
1986 2886 2334 2972 alterum
2380 2887 2830 2972 triennium
2886 2881 3445 2969 confirmetur.
3477 2886 3583 2970 V.
3641 2888 3827 2972 Sin-

433 3007 645 3117 gulis
695 3029 968 3090 autem
1029 3005 1539 3109 Provinciis,
1591 3026 1671 3089 et
1747 3004 2265 3091 Monasteriis
2331 3006 2702 3091 Abbates
2763 3001 3400 3119 praeficiantur,
3468 3037 3828 3121 quorum

434 3147 798 3240 potestas.
842 3127 1103 3211 etiarn.
1141 3123 1492 3237 expleto,
1527 3146 1619 3207 ut
1665 3156 1935 3236 supra,
1991 3129 2347 3211 triennio
2399 3125 2769 3212 cessabit.
2817 3123 2960 3207 VI.
3010 3124 3585 3232 Quamobrem
3623 3159 3829 3247 quo-

437 3248 643 3333 libet
692 3247 1049 3329 triennio
1113 3243 1662 3353 Congregatio
1715 3244 2143 3330 Generalis
2193 3242 2560 3357 cogenda
2615 3269 2788 3349 est,
2857 3241 2959 3329 ad
3013 3276 3262 3362 quam
3318 3237 3670 3331 vocandi
3723 3248 3829 3332 ab

437 3366 773 3454 Abbate
837 3363 1228 3449 Generali
1302 3386 1609 3468 erunt,
1663 3386 1983 3477 praeter
2033 3390 2387 3483 quatuor
2451 3364 2984 3474 Hegumenos
3048 3391 3817 3478 supramemoratos,

333 3524 338 3529 ·
437 3487 812 3569 omnium
863 3484 1524 3583 provinciarum,
1557 3506 1639 3568 et
1688 3484 2372 3571 Monasteriorum
2431 3483 2823 3587 AbbateS‚
2890 3508 3139 3601 atque
3204 3483 3626 3571 Officiales
3665 3520 3832 3573 ma-

438 3611 653 3719 jores
689 3669 712 3711 ,
784 3625 867 3691 et
928 3627 1344 3721 quotquot
1408 3600 1716 3688 Officio
1768 3603 2198 3690 Generalis
2232 3669 2256 3710 ,
2325 3602 2851 3714 Hegumeni‘,
2918 3629 3001 3689 et
3053 3604 3402 3689 Abbatis
3453 3604 3827 3693 defuncti

439 3750 688 3831 sunt,
752 3721 1008 3809 modo
1062 3755 1223 3808 non
1284 3719 1594 3806 fuerint
1644 3725 1753 3807 ob
1818 3725 2135 3843 aliquos
2187 3720 2559 3810 defectus
2621 3721 2995 3837 depositi.
3067 3723 3253 3807 VII.
3325 3725 3601 3839 Hujus
3666 3727 3831 3816 Ge-

443 3848 741 3933 neralis
795 3845 1471 3955 Congregationis
1522 3867 1873 3957 potestas
1922 3848 2005 3928 in
2060 3842 2386 3929 Ordine
2439 3867 2717 3943 nostro
2779 3874 3157 3959 suprema
3229 3869 3398 3951 est,
3470 3846 3835 3936 Generao

445 3966 779 4085 lemque
855 3964 1271 4051 Abbatem
1303 4003 1354 4067 ,·
1413 3986 1498 4052 et
1566 3964 2101 4073 Hegumenos
2177 3961 2665 4050 confirmare
2716 4027 2739 4070 ,
2806 3987 3055 4083 atque
3109 3969 3349 4051 etiam
3406 4012 3443 4070 ,·
3497 3973 3563 4053 si
3627 4002 3835 4084 opus

436 4083 746 4191 suerit,
812 4081 1230 4196 deponere
1282 4107 1570 4194 potest.
1637 4083 1871 4168 VIII.
1940 4083 2490 4195 Congregatio
2540 4084 3220 4196 Hegurnenorum
3278 4088 3621 4195 singulis
3684 4091 3836 4173 sal-

443 4229 613 4291 tem
663 4202 1194 4290 semestribus
1256 4204 1361 4286 ab
1407 4203 1745 4288 Abbate
1796 4203 2217 4308 Generali,
2279 4229 2365 4290 et
2412 4226 2773 4321 quatuor
2824 4202 3334 4314 Hegumenis
3385 4205 3835 4314 habeatur,

447 4330 796 4444 ejusque
859 4344 1211 4437 potestas
1281 4353 1627 4426 omnes,
1701 4345 1784 4407 et
1847 4328 2130 4408 omnia
2204 4327 2673 4430 contineat,
2741 4327 2984 4409 salvis
3060 4347 3332 4410 tamen
3407 4325 3837 4416 Generalis

447 4444 1130 4556 congregationis
1180 4439 1554 4528 decretis.
1614 4442 1765 4525 IX.
1807 4439 2215 4548 Quolibet
2265 4475 2487 4530 anno
2543 4443 3093 4555 Congregatio
3144 4440 3630 4534 Provinciae
3694 4448 3833 4535 ha-

445 4567 742 4653 beatur
811 4565 916 4650 ab
975 4561 1307 4647 Abbate
1360 4559 1732 4676 ejusdem
1797 4561 2333 4670 Provinciae,
2387 4589 2472 4651 et
2520 4567 2853 4680 reliquis
2906 4563 3376 4649 Abbatibus
3427 4570 3840 4655 Monaste·

449 4690 759 4774 riorum
811 4685 1379 4797 subjectorum
1418 4746 1443 4789 ,
1501 4689 1855 4799 ejusque
1909 4704 2262 4795 potestas
2324 4689 2408 4769 in
2481 4684 2911 4770 Provincia
2999 4715 3315 4771 summa
3369 4708 3541 4793 est,
3596 4691 3840 4775 salvis

455 4804 805 4893 decretis
883 4805 1236 4889 Abbatis
1321 4803 1749 4890 Generalis
1799 4865 1834 4908 ,
1915 4823 1999 4886 et
2076 4803 2832 4916 Congregationnm
2910 4834 3830 4920 supramemoratarum.

456 4925 568 5007 X.
664 4924 1072 5033 Quolibet
1131 4923 1416 5009 saltem
1484 4954 1765 5010 mense
1844 4922 3047 5034 Congregatio-Monachorum
3101 4926 3208 5011 'ab
3274 4928 3605 5014 Abbate
3656 4930 3837 5014 Mo·

451 5047 781 5131 nasterii
815 5106 840 5151 ,
907 5066 990 5131 et
1054 5040 1641 5128 Sacerdotibus
1690 5040 2069 5157 professis
2107 5106 2131 5147 ‚
2171 5075 2378 5162 quos
2428 5044 2715 5130 Abbas
2765 5043 3198 5132 Generalis
3260 5070 3342 5132 et
3393 5045 3838 5161 Consulto-

447 5197 580 5250 res
632 5165 1191 5277 assignaverit,
1258 5159 1402 5248 fiat
1435 5198 1460 5272 3
1495 5165 1874 5280 ejusque
1922 5185 2279 5277 potestas
2333 5169 2416 5250 in
2497 5166 3005 5251 Mouasterio
3054 5198 3373 5251 summa
3453 5195 3573 5254 est
3608 5233 3633 5275 ,
3688 5173 3843 5256 sal·
3964 5204 3973 5213 ·

450 5288 577 5370 vis
614 5286 966 5371 decretis
1015 5282 1778 5394 Congregationum
1811 5282 2466 5391 antedictarum,
2496 5289 2764 5402 iisqne
2815 5286 3230 5392 omnibus,
3285 5282 3498 5403 quae
3548 5289 3838 5378 Abbas

452 5406 911 5509 Generah'S,
963 5405 1100 5492 vel
1149 5402 1441 5487 Abbas
1492 5402 1979 5489 Provinciae
2029 5402 2618 5493 ordinaverint.
2653 5405 2810 5489 XI.
2845 5406 3500 5494 Praeeminentia
3554 5410 3838 5499 Abba·

341 5553 395 5609 ῳ
453 5532 554 5611 tis
604 5525 1037 5614 Generalis
1100 5520 1421 5615 excedit
1483 5553 1772 5609 omnes
1850 5522 2200 5625 aliorum
2263 5525 2779 5613 Officialium
2833 5524 3173 5637 gradus,
3240 5530 3349 5614 ita
3404 5553 3499 5613 ut
3546 5535 3834 5618 ceteris

456 5648 842 5734 omuibus
879 5669 964 5733 et
1012 5646 1227 5752 locO,
1263 5668 1348 5733 et
1381 5642 1672 5731 ordine
1722 5642 2202 5761 praecedat.-
2239 5648 2433 5741 Post
2482 5646 2711 5734 hunc
2761 5667 3117 5766 quatuor
3167 5650 3634 5767 Hegnmeni
3684 5684 3838 5768 pro
