4834 6409
1096 479 1254 546 too

1072 567 1691 666 Constitutione
1765 571 2173 692 incipiens
2212 569 2227 578 ’
2271 577 2836 669 sacrosanca-
2893 585 3028 696 46.
3128 582 3667 708 sequentihus
3739 585 4020 674 verbis
4065 599 4456 703 ‘expressis

1073 697 1205 786 Ne
1253 701 1365 786 ob
1430 704 1992 786 instructionis
2076 698 2500 788 desectum
2555 768 2579 809 ,
2643 709 2792 826 qui
2875 712 3133 797 Sacro
3181 709 3678 825 Baptismate
3742 709 4230 812 initiantur,
4291 709 4462 795 im-.

1068 813 1563 909 maculatam
1616 819 1926 905 Christi
1986 821 2244 932 legem
2299 822 2660 936 profanis
2693 889 2719 936 ,
2775 831 2871 915 ac
2919 830 3340 944 gentilitiis
3392 830 3782 913 institutis
3833 858 3928 914 ex
3977 830 4442 939 ignorantia

1068 937 1461 1047 foedent,
1528 975 1622 1030 ac
1674 940 2220 1030 idololatriam
2285 973 2476 1029 cum
2566 947 3017 1050 orthodoxa
3105 949 3311 1037 Fide
3389 945 3970 1052 confundant,
4042 970 4136 1036 ut
4197 977 4458 1066 saepe,
4523 1031 4534 1046 ,

1067 1063 1273 1148 inibi
1328 1067 1663 1153 evenire
1712 1070 2267 1150 enunciatnm·
2316 1092 2497 1176 est3
2576 1093 2921 1157 caveant
2985 1076 3098 1175 ii,
3160 1077 3304 1192 qui
3359 1067 3663 1156 iisdem
3740 1068 4250 1158 instruendis
4313 1072 4438 1158 in-

996 1285 1003 1294 .
1067 1183 1567 1292 cumbunt,-
1610 1217 1717 1272 ne
1772 1186 1859 1269 in
1912 1206 2327 1301 posterum
2394 1188 2615 1274 ullus
2663 1190 2770 1277 ad
2836 1194 3245 1309 Baptisma
3307 1189 3840 1294 admittatur,
3915 1193 4061 1307 qui
4113 1193 4442 1304 gentili-

1070 1307 1226 1393 tios
1275 1339 1540 1394 mores
1587 1337 1914 1424 prorsus
1974 1335 2130 1390 non
2188 1313 2546 1416 exuerit,
2598 1316 2797 1398 etin
2854 1311 3018 1400 fide
3073 1343 3237 1400 non
3276 1319 3381 1400 sit
3413 1307 3921 1400 sufficienter
3957 1315 4454 1401 instructus..

1179 1425 1625 1515 Decimum
1677 1450 1996 1514 sextum
2026 1427 2065 1529 ',
2118 1430 2641 1523 etdultimum
2718 1431 3077 1520 dubium
3129 1468 3150 1517 ε
3215 1434 3366 1522 An
3397 1498 3424 1544 ‚
3503 1453 3587 1520 et
3631 1431 4056 1553 quomodo
4105 1431 4433 1522 dictum

1057 1545 1505 1634 decretam·
1528 1546 2123 1666 exequendum
2167 1558 2281 1635 sit
2329 1558 2422 1635 in
2481 1584 2584 1637 ea
2625 1574 2876 1666 parte
2900 1620 2925 1664 ,
2988 1587 3206 1674 quac
3266 1574 3388 1642 cst
3435 1557 3741 1641 tenor-is
3790 1545 4209 1674 sequendis
4226 1589 4250 1638 ε
4313 1554 4434 1644 Et

1057 1665 1394 1757 demum
1451 1677 1643 1790 quia
1697 1667 1793 1759 eir
1839 1670 2243 1780 ,librorum
2297 1671 2402 1761 de
2453 1671 2648 1760 falsa
2715 1677 3108 1790 religione
3144 1740 3168 1784 ‚
3233 1700 3320 1765 et
3366 1675 3476 1763 de
3526 1675 3778 1761 rebus
3823 1676 4252 1764 obscaenis
4283 1737 4314 1785 ‚
4345 1700 4442 1765 et

1056 1787 1631 1904 superstitiosis
1684 1795 2217 1882 tractantium
2272 1793 2580 1882 lectura
2629 1825 3099 1903 venenum,
3131 1823 3240 1885 ut
3292 1800 3802 1913 plurimum,
3839 1826 4167 1913 serpere
4201 1800 4431 1886 solet

1057 1912 1162 1996 ad
1212 1943 1352 1999 cor
1405 1912 1778 2001 fidelium
1810 1975 1834 2020 ,
1876 1945 2045 2033 quo
2100 1944 2262 2000 non
2302 1915 2586 2004 minus
2634 1915 2868 2006 Fidei
2921 1923 3233 2038 puritas
3284 1916 3737 2006 offenditur
3769 1977 3798 2023 ‚
3849 1947 4110 2036 qnam
4157 1949 4432 2032 mores

994 2067 1001 2074 ·
1057 2062 1704 2151 corrumpuntur
1740 2101 1763 2143 ,
1829 2063 2329 2150 magnopere
2393 2035 3072 2128 commendantes
3124 2041 3393 2128 zelum
3445 2103 3474 2144 ,
3538 2071 3634 2126 ac
3681 2035 4054 2124 studium
4105 2038 4434 2126 Missis-

1059 2157 1473 2241 nariornm
1505 2221 1530 2261 ‚
1595 2164 1741 2279 qui
1798 2159 2049 2242 libros
2100 2159 2433 2244 Sacram
2483 2158 2911 2249 Ecclesiae
2987 2161 3468 2248 Catholicae
3520 2159 4032 2263 doctrinam,
4109 2174 4428 2246 rerum}

1051 2293 1217 2391 qu'e
1268 2278 1696 2366 Sacrarum
1753 2301 2287 2365 monumenta
2373 2283 2896 2370 continentes
2949 2315 3098 2397 pro
3180 2281 3583 2367 Indorum
3638 2279 3952 2365 Christi
4039 2277 4423 2370 fidelium

1053 2393 1520 2488 eruditione
1568 2403 1655 2485 in
1712 2403 2078 2512 linguam
2134 2397 2775 2508 Malabaricam‚
2864 2435 3008 2490 seu
3087 2405 3607 2490 Tamulicam
3657 2402 4198 2508 transtulere,
4288 2405 4434 2489 vel

1049 2551 1315 2608 novos
1362 2554 1512 2639 pro
1593 2513 1926 2607 illorum
2004 2521 2505 2628 commodo,
2571 2547 2657 2610 et
2735 2527 3253 2613 institutione
3329 2547 4039 2637 composuerunt,
4113 2519 4416 2611 iisdem

1048 2633 1356 2730 Christi
1412 2643 1800 2731 fidelibus
1848 2671 2226 2757 expresse
2274 2641 2844 2733 interdicimus
2894 2645 3312 2734 fabulosos
3343 2646 3810 2733 Gentilium
3847 2645 4180 2750 libros,
4242 2674 4421 2731 eos·

1042 2793 1212 2881 que
1262 2765 1529 2878 legere
1566 2829 1589 2873 ,
1643 2789 1727 2854 et
1777 2768 2133 2852 retinere
2166 2764 2708 2877 prohibemus
2752 2768 2913 2853 sub
2963 2799 3229 2883 poena
3277 2766 4154 2854 excommunicationis
4207 2764 4426 2854 latae

1047 2892 1501 2974 sententiae
1538 2875 1772 2992 {nisi
1824 2889 2053 3002 prius
2114 2879 2395 2975 hahita
2447 2889 2783 2977 licentia
2835 2887 3250 2994 parociis,
3309 2919 3458 2975 seu
3539 2886 4036 2971 Missionarii
4122 2894 4413 2974 curam

1038 3006 1506 3092 animarum
1558 3008 2011 3095 exercentis
2046 3065 2071 3109 ,
2125 3036 2484 3124 quorum
2535 3008 3032 3123 prudentiae
3093 3010 3686 3096 committimus
3747 3001 4230 3092 facultatem
4280 3039 4418 3095 su·

1039 3127 1396 3239 per-hoc
1440 3126 1976 3244 dispensandi
2011 3191 2037 3234 ,
2086 3115 2493 3232 etnlibros
2555 3132 2596 3253 (
2623 3132 2694 3217 si
2744 3135 2887 3252 qui
2940 3130 3149 3217 forte
3209 3127 3476 3248 sunt)
3527 3131 3760 3215 noxia
3832 3127 4419 3240 superstitione

1037 3279 1399 3358 vacuos,
1454 3275 1538 3339 et
1589 3249 1799 3338 nihil
1847 3271 2131 3336 contra
2185 3246 2458 3338 bonos
2503 3280 2769 3341 mores
2823 3249 3316 3357 tractantes,
3371 3283 3519 3367 pro
3570 3251 4204 3359 christianorum
4253 3255 4417 3338 'usu

1035 3371 1487 3492 seligendi,
1553 3401 2016 3490 eorumque
2080 3370 2478 3461 lecturam
2533 3372 3092 3487 permittendi.
3267 3399 3290 3410 2‘
3887 3403 3930 3444 ‘-

1157 3491 1843 3580 Emz'nente'ssimi·
1876 3492 2345 3578 dixerunt:
2422 3493 2943 3585 Servandum
2995 3521 3172 3583 esse
3233 3492 3661 3582 decretum
3745 3488 4411 3579 Eminentissimi

1030 3612 1504 3702 cardinalis
1554 3614 1665 3703 de
1711 3615 2145 3701 Tournon.
3157 3629 3168 3650 ¹

1157 3735 1493 3844 Quibus
1543 3736 1867 3841 dubiis,
1922 3758 2005 3823 et
2042 3765 2329 3821 eorum
2385 3737 3029 3826 resolutionibus
3077 3738 3340 3824 Nobis
3388 3767 3533 3850 per
3567 3733 4156 3824 Venerabilem
4210 3735 4418 3824 Fra·-

1028 3875 1240 3942 trem
1296 3857 2033 3973 Archiepiscopum
2088 3854 2577 3966 Damiatae‚
2636 3859 3313 3974 Congregationis
3363 3853 3642 3944 Sancti
3696 3853 3978 3944 Officii
4033 3861 4410 3950 Asse-sso-

1029 4007 1205 4062 rem
1257 3982 1585 4087 relatis,
1642 3980 2180 4066 resolutiones
2233 3980 2445 4092 ipsas
2497 3982 2743 4094 plene
2793 3985 3340 4098 approbantes
3372 4042 3396 4085 ‚
3447 3997 3749 4064 cuncta
3804 4010 3952 4083 ea,
4019 4005 4233 4094 quae
4268 3984 4400 4095 ju—

1025 4121 1155 4184 xta
1211 4132 1490 4187 earum
1543 4128 1918 4188 tenorem
1984 4098 2554 4188 confirmanda
2591 4167 2617 4213 ,
2680 4126 2824 4190 aut
2873 4100 3376 4190 moderanda
3410 4163 3433 4203 ‚
3504 4099 3634 4185 vel
3687 4094 4184 4185 declaranda
4224 4162 4250 4206 ,
4299 4131 4402 4189 ac

950 4213 955 4220 ’
1030 4222 1115 4303 in
1166 4225 1591 4310 nonnullis
1645 4221 2134 4309 remittenda
2189 4222 2356 4309 visa
2394 4245 2601 4308 'sunt
2638 4288 2662 4330 ‚
2719 4230 3174 4340 respective
3226 4217 3903 4316 confirmavimus
3936 4281 3962 4325 ‚
4015 4217 4394 4307 medera-

1023 4342 1296 4429 vimus
1336 4408 1358 4448 ,
1414 4344 2059 4450 declaravimnS,
2138 4365 2225 4430 et
2274 4348 2359 4429 in
2412 4348 2837 4434 nonnullis
2917 4351 3436 4433 remisimus:
3508 4342 3918 4449 Quocirca
3955 4399 3984 4447 ‚
4040 4339 4404 4427 Venera-

1021 4461 1232 4550 biles
1288 4465 1608 4552 Fratres
1640 4531 1672 4571 ‚
1720 4461 2029 4552 Dilecti
2116 4466 2351 4571 Filii,
2403 4464 2666 4551 Vobis
2719 4470 3289 4585 injungimus,
3342 4488 3429 4550 et
3491 4461 4036 4568 mandamns,
4099 4484 4197 4546 ut
4244 4493 4404 4577 pro

1025 4585 1418 4696 singulari
1470 4610 1734 4675 vestra
1790 4589 1870 4671 in
1926 4585 2100 4672 Nos
2135 4650 2161 4692 ‚
2228 4611 2480 4704 atque
2527 4585 2748 4675 ¹hanc
2831 4593 3212 4700 Sanctam
3270 4581 3582 4678 Sedena,
3636 4584 4088 4669 reverentia
4142 4613 4398 4701 quae·

1024 4735 1387 4825 cumque
1436 4741 1585 4824 per
1636 4706 1878 4793 hasce
1927 4707 2265 4793 Nostras
2316 4707 2670 4794 Litteras
2721 4708 2827 4796 de
2877 4711 3401 4823 Apostolicae
3449 4704 3988 4789 Auctoritatis
4037 4702 4401 4819 plenitu—

1021 4825 1217 4914 dine
1247 4893 1269 4935 ,
1353 4831 1488 4917 vel
1538 4826 2026 4916 confirmata
2063 4891 2095 4933 ,
2142 4828 2278 4913 vel
2328 4826 2654 4915 decreta
2694 4893 2718 4940 ‚
2800 4851 2944 4916 aut
2993 4832 3481 4946 praescripta
3547 4846 3746 4910 sunt
3789 4888 3820 4928 ‚
3882 4825 4391 4912 sanctissime

1018 4948 1492 5036 custodiatis
1530 5014 1554 5057 ‚
1608 4973 1857 5068 atque
1918 4948 2024 5033 ab
2099 4948 2497 5034 omnibus
2557 4948 2960 5038 servanda
3020 4948 3618 5036 studiosissime
3667 4945 3973 5031 curetis
4013 4977 4041 5029 t
4125 4941 4398 5037 Obse—

1017 5092 1336 5158 crantes
1388 5072 1556 5158 Vos
1606 5071 1694 5154 in
1744 5068 2114 5156 Domino
2179 5100 2326 5185 per
2377 5070 2713 5160 Viscera
2763 5061 3379 5190 Misericordiae
3428 5066 3587 5152 Dei
3639 5067 3956 5170 nostri,
4033 5087 4130 5151 ut
4180 5091 4381 5153 con-
4451 5129 4454 5130 f

1016 5194 1428 5277 troversiis
1475 5193 1641 5307 jam
1691 5192 2079 5297 remotis,
2146 5215 2237 5279 et
2285 5193 2627 5278 omnino
2665 5192 3037 5299 evulsis,
3082 5187 3452 5296 alacres,
3507 5211 3758 5308 atque
3813 5187 4072 5274 animi
4124 5189 4412 5290 nosti-ij

1010 5312 1388 5397 ’sensibus
1441 5308 1890 5397 concordes
1933 5309 2269 5420 studia,
2337 5335 2423 5399 et
2489 5313 2809 5402 labores
2893 5337 3208 5402 vestros
3243 5316 3374 5398 ‘in
3444 5311 3906 5396 animarum
3941 5303 4378 5418 salutem,

1014 5419 1230 5549 qnae
1275 5433 2016 5549 praestantissimus
2065 5457 2381 5522 vestrae
2431 5436 2885 5523 vocationis
2937 5459 3060 5522 est
3105 5433 3296 5520 finis
3327 5493 3350 5535 ‚
3415 5457 3568 5549 pro
3627 5428 3948 5515 viribus
4011 5424 4385 5516 consera—

1008 5556 1136 5637 tis.
1191 5555 1474 5678 Atque
1518 5555 1782 5642 Vobis
1817 5616 1842 5663 ,
1893 5552 2435 5647 venerabiles
2487 5555 2814 5644 Fratres
2845 5620 2868 5662 ,
2909 5553 3452 5642 Dilecti-Filii
3507 5547 4065 5665 Apostolicam
4125 5546 4388 5637 bene-

1008 5670 1459 5769 dictionem
1506 5695 2032 5796 peramanter
2082 5680 2654 5796 impertimur.'
2695 5678 3010 5766 Datum
3077 5677 3388 5762 Roma'e
3462 5666 3692 5789 apud
3757 5670 4145 5760 Sanctam
4194 5662 4377 5758 Ma·-
