4834 6409
1676 268 1686 305 1

1534 550 2016 668 INDEX
2104 551 2636 727 RERUM

1320 852 1564 967 Quae
1616 858 1708 937 in
1767 855 1919 939 lzoc
1980 853 2064 940 T
2053 883 2240 937 omo
2290 856 2842 938 continentur.

405 1132 699 1267 Breve
762 1195 1156 1270 Clementis
1212 1197 1341 1271 XI
1339 1247 1357 1267 .
1421 1195 1521 1265 de·
1575 1195 2032 1268 Clericorum

504 1299 931 1372 Sinensium
981 1300 1470 1387 ordinatione,
1507 1315 1580 1370 et
1627 1296 2033 1396 facultati-

502 1400 645 1473 bus
702 1404 958 1473 iisdem
1017 1404 1430 1477 tribuendis
1490 1405 1694 1475 circa
1752 1405 2038 1475 Missae

504 1503 1072 1579 celebrationem
1102 1525 1241 1579 etc.
1593 1509 1876 1601 pagina
1990 1509 2019 1575 1

287 1700 294 1705 ·
404 1597 787 1679 Concessio
848 1610 1496 1709 Indulgentiarum
1550 1624 1622 1681 et
1680 1611 2038 1681 Privile-

496 1713 791 1808 giorum
831 1739 975 1811 pro
1029 1713 1301 1790 Indiis.
1987 1713 2034 1783 3

397 1807 646 1885 Breve
710 1815 1114 1890 Clementis
1146 1819 1293 1890 XI·
1331 1817 1421 1888 de
1471 1818 1789 1914 Collegii
1825 1817 2028 1888 Mis-

500 1920 789 1989 sionum
820 1926 1186 1995 erectione
1214 1925 1296 1995 in
1341 1920 1740 1997 Conventa
1766 1920 2031 1993 SMa-

502 2026 665 2093 riae
725 2019 916 2096 delle
967 2023 1304 2097 Fornaci.
1986 2024 2031 2094 8

398 2120 843 2224 Alloquutio
875 2128 1271 2201 Clementis
1291 2128 1688 2205 XLhabita
1717 2131 1797 2198 in
1837 2128 2032 2200 Con-

503 2233 796 2305 sistorio
829 2248 1105 2304 secreto
1133 2231 1256 2303 die
1283 2232 1901 2305 5.Decem.4701.
1936 2230 2033 2301 14

576 2386 583 2393 -
936 2338 1497 2433 Argumentum.

398 2437 517 2510 De
563 2439 873 2511 consilio
904 2454 1230 2540 suscepto
1266 2437 1606 2511 mittendi
1657 2436 1761 2508 ad
1803 2439 2026 2511 Sinas

507 2545 992 2618 Visitatorem
1068 2544 1577 2640 Apostolicum
1669 2542 2025 2614 Carolum

510 2646 863 2719 Thomam
891 2634 1275 2719 Maillard
1299 2647 1398 2716 de
1432 2648 1782 2718 Tournon
1826 2647 2031 2716 Tau·-

503 2754 896 2835 rinensem,
922 2751 1407 2848 Pontificium
1461 2747 2030 2822 Cubicularium

504 2851 810 2923 honoris
859 2867 1363 2948 nuncupatum
1390 2904 1410 2938 ‚
1478 2875 1690 2949 quem
1742 2850 2031 2921 domum

505 2953 1018 3029 Antioche-nae
1077 2956 1452 3028 Ecclesiae
1502 2953 2032 3026 Patriarclzam

505 3059 915 3133 constituit.
1936 3058 2031 3129 ivi

399 3158 585 3235 Alia
639 3161 1054 3262 alloquutio
1111 3160 1365 3235 lzabita
1438 3166 1518 3234 in
1585 3161 2029 3235 Consistorio

507 3279 782 3339 secreto
841 3265 962 3338 die
1018 3267 1138 3337 14.
1199 3264 1537 3338 Octobris
1592 3267 1823 3339 1711.
1935 3265 2028 3334 16

934 3372 1498 3468 Argumentum.

399 3475 858 3548 Laudatione
881 3473 1090 3571 facta
1121 3473 1485 3546 demortui
1529 3471 1793 3545 Caroli
1825 3470 2027 3544 Tho-

504 3603 670 3650 mae
720 3580 802 3654 S.
830 3582 918 3653 R.
952 3580 1035 3649 Ε.
1078 3577 1513 3650 Cardinalis
1546 3574 1636 3647 de
1679 3577 2029 3647 Tournon

507 3684 771 3755 Macai
818 3708 869 3753 a
902 3682 1253 3755 Sinarum
1302 3683 1605 3781 inqoerio
1639 3679 1764 3749 die
1797 3680 2025 3751 &Ju-

503 3788 619 3856 nii
658 3787 888 3856 1710.
941 3788 1302 3884 exequias
1324 3809 1464 3883 pro
1499 3783 1850 3881 suffragio
1875 3785 2031 3875 ejus

502 3892 796 3961 animae
847 3891 926 3961 in
963 3890 1360 3987 Pontificio
1407 3886 1700 3961 Sacello
1755 3887 2024 3958 solem-

503 3993 704 4062 niter
733 3989 1212 4061 celebrandas
1230 3988 1604 4087 Pontifex
1627 3989 1913 4061 indicit.
1932 3987 2024 4058 ivi

399 4094 584 4166 Item
641 4094 800 4164 alia
860 4092 1276 4190 alloquutio
1322 4093 1575 4163 habita
1632 4096 1713 4163 in
1773 4092 2027 4163 Consi·

405 4230 414 4239 ·
505 4200 732 4269 storio
811 4209 1087 4268 secreto
1165 4195 1288 4266 die
1373 4194 1496 4265 18.
1589 4194 2031 4294 Septembris

513 4301 745 4376 1719.
1928 4297 2027 4367 18

926 4405 1484 4500 Argumentum.

401 4508 517 4583 De
583 4504 895 4581 consilio
955 4521 1281 4605 suscepto
1351 4505 1691 4577 mittendi
1751 4529 2029 4577 novum

518 4610 997 4685 Visitatorem
1061 4610 1565 4706 Apostolicum
1633 4610 1736 4679 ad
1780 4610 2032 4694 Situm,

510 4731 584 4786 et
630 4716 734 4788 ad
760 4714 1112 4810 ejusmodi
1135 4715 1626 4785 ministerium
1662 4712 2033 4808 deligendi

512 4821 604 4893 R.
660 4820 755 4889 P.
809 4821 903 4889 D.
958 4816 1428 4891 Ambrosium
1482 4815 2034 4891 Mediobarbam

504 4921 946 5017 Papiensem
1029 4922 1127 4995 V.
1206 4920 1285 4993 S.
1365 4918 1974 5018 Referendarium
2009 4971 2030 5006 ‚

504 5049 719 5123 quem
810 5023 1339 5096 Patriarclzam
1421 5024 2034 5098 Alexandrinum

513 5144 744 5202 creat.
1362 5188 1371 5199 .
1943 5125 2035 5196 ivi

395 5234 581 5306 Alia
624 5237 918 5330 pariter
950 5234 1367 5333 alloquutio
1406 5230 1661 5304 habita
1703 5234 1784 5301 in
1838 5229 2040 5302 Con-

505 5338 799 5411 sistorio
825 5352 1099 5410 secreto
1135 5336 1256 5407 die
1293 5336 1368 5412 6.
1406 5337 1608 5411 Μαίἰ
1648 5335 1872 5405 1720.
1927 5332 2027 5404 23

449 5444 456 5451 ’
929 5443 1492 5539 Argumentum.

307 5548 314 5555 ’
401 5540 948 5659 ΡνοῙεοίἰοηφ
967 5544 1479 5643 ‘Patriarclzae
1511 5542 2033 5621 Alexandrini

831 5696 885 5733 ‚b
920 5626 987 5721 Ae«.

2239 1194 2344 1265 ad
2422 1194 2803 1265 Civitatem
2896 1194 3378 1296 Ulyssiponen
3386 1228 3534 1276 sem
3591 1256 3615 1293 ,
3699 1225 3773 1280 εἰ

2229 1300 2634 1397 praecipua
2674 1298 2975 1371 lionoris
3001 1354 3019 1388 ‚
3065 1301 3649 1398 benevolentiae,
3676 1336 3767 1384 ac

2245 1401 2726 1473 liberalitatis
2759 1420 3217 1500 argumenta,
3254 1409 3521 1507 quibus
3551 1440 3597 1485 a
3636 1418 3769 1488 Re-

2238 1531 2331 1602 ge
2382 1506 2817 1602 Lusitaniae
2866 1524 3220 1606 exceptus
3249 1563 3269 1597 ‚
3333 1528 3408 1584 et
3449 1533 3768 1613 postmo-

2242 1608 2415 1678 dum
2461 1610 2565 1680 ad
2610 1610 2835 1681 Sinas
2887 1611 3612 1714 honorificentissime
3662 1623 3776 1694 di-

2245 1715 2507 1783 missus
2543 1711 2825 1809 suerat,
2862 1716 3234 1811 eleganter
3267 1725 3599 1819 exponit.
3670 1726 3771 1798 ivi

2138 1814 2581 1889 Conceditur
2610 1818 2982 1915 ,Magistro
3040 1818 3428 1895 Generalis
3466 1827 3773 1902 Ordinis

2241 1919 2856 2007 Praedicatorum
2897 1919 3233 2018 facultas
3295 1931 3628 2024 erigendi
3688 1937 3770 2004 in

2245 2025 2453 2095 Sinis
2513 2028 2594 2095 in
2649 2024 2894 2095 eodem
2945 2024 3111 2098 loco
3177 2029 3493 2103 alteram
3565 2034 3769 2107 Con-

2234 2124 2790 2222 sraternitatem
2864 2129 3001 2202 SS.
3078 2130 3387 2204 Rosarii
3414 2160 3558 2234 pro
3611 2163 3769 2211 mu-

2221 2229 2554 2302 'lieribus
2603 2253 2769 2301 cum
2803 2231 3045 2302 solitis
3094 2235 3599 2333 indulgentiis.
3668 2244 3771 2314 24

2139 2334 2536 2407 Damnatio
2566 2348 2645 2406 et
2682 2333 3089 2431 prohibitio
3140 2337 3359 2410 Libri
3391 2363 3557 2412 cum
3583 2348 3773 2417 titu-

2235 2438 2356 2507 lus
2392 2439 2562 2509 “Le
2587 2435 2928 2510 Nouveau
2953 2438 3368 2514 Testament
3403 2469 3494 2515 en
3532 2446 3773 2519 Fran-

2238 2538 2382 2611 cois
2449 2556 2586 2612 etc.
2628 2592 2675 2626 ‚,
2726 2540 2861 2611 vel
2929 2540 3210 2639 Abrege
3260 2543 3352 2618 de
3420 2546 3489 2619 la
3544 2550 3770 2625 Mora·

2243 2641 2312 2713 le
2349 2642 2441 2734 de
2477 2642 2878 2738 l’Evangile
2905 2660 3046 2721 etc.
3078 2699 3129 2734 ‚‚
3670 2657 3767 2726 25

2135 2746 2531 2819 Damnatio
2584 2760 2657 2817 et
2685 2744 3095 2843 prohibitio
3144 2751 3364 2823 Libri
3395 2755 3529 2826 sub
3586 2759 3773 2830 titu-'

2243 2850 2315 2921 lo
2357 2857 2403 2892 “
2437 2848 2848 2921 Eutretiens
2900 2874 3022 2925 sur
3065 2851 3132 2924 le
3182 2854 3439 2928 Deeret
3485 2857 3581 2929 de
3623 2860 3772 2934 Ro·

2242 2976 2358 3024 me
2415 2967 2666 3024 contre
2717 2950 2788 3023 le
2842 2951 3184 3029 Nouveau
3268 2955 3686 3037 Testament
3719 3016 3766 3055 ,‚

2243 3070 2382 3128 etc.
3670 3070 3773 3139 27

2136 3161 2611 3233 Damnantur
2667 3175 2740 3231 et
2774 3161 3275 3261 prohibentur
3323 3194 3543 3267 quam
3584 3173 3775 3271 plu-

2242 3288 2359 3333 res
2414 3267 2716 3363 proposi
2716 3269 2949 3339 tiones
3022 3286 3417 3368 excerptae
3497 3299 3603 3345 ex
3668 3277 3772 3347 li·

2246 3364 2376 3437 bro
2411 3366 2547 3438 sub
2613 3370 2832 3441 titulo
2874 3376 2928 3411 ‘⁴
2965 3370 3065 3439 Le
3122 3396 3446 3446 nouveau
3515 3376 3770 3450 Testa-

2238 3486 2442 3541 ment
2491 3487 2627 3540 etc.
2661 3524 2708 3559 ‚,
2747 3489 2879 3543 ατιί
2939 3480 2987 3516 “
3026 3471 3309 3571 Abrege
3345 3493 3480 3549 etc.
3518 3533 3567 3566 ‚‚
3602 3504 3768 3553 cum

2221 3574 2510 3666 judicio
2563 3573 2653 3644 cle
2715 3578 3030 3675 reliquis
3085 3574 3708 3676 propositionibus
3746 3641 3766 3674 ,

2238 3692 2312 3747 et
2368 3703 2567 3749 nova
2621 3679 2937 3773 ejusdem
2984 3679 3201 3752 Libri
3250 3698 3387 3754 etc.
3668 3689 3769 3759 29

2138 3782 2431 3853 stIouita
2470 3783 2899 3853 Pastoralia
2950 3781 3238 3854 Christi
3254 3788 3610 3885 fidelibus
3650 3795 3769 3864 la-

2237 3900 2311 3956 ta
2371 3884 2738 3955 adversus
2806 3902 3227 3959 recusantes
3283 3890 3768 3969 obedientiam

2222 4003 2611 4084 praestare
2641 3989 3166 4061 Constitutioni
3180 3991 3632 4089 Unigenitum.
3668 4001 3767 4069 39

2131 4090 2447 4164 Litterae
2544 4092 2993 4188 Apostolicae
3057 4094 3459 4167 Innocentii
3527 4100 3762 4199 Papae

2241 4194 2414 4265 XII.
3668 4207 3768 4277 46

2130 4300 2358 4370 Breve
2409 4301 2913 4396 Apostolicum
2976 4327 3119 4401 quo
3174 4307 3500 4399 [tegulae
3535 4308 3767 4380 Semi-

2240 4403 2442 4473 narii
2477 4405 2925 4475 stlissionum
2985 4407 3063 4477 S.
3104 4410 3405 4480 sisariae
3440 4411 3545 4481 acl
3567 4413 3766 4486 Fur-

2242 4530 2459 4577 naces
2504 4510 3058 4605 confirmantur.
3668 4516 3768 4588 id.

2141 4609 2470 4706 Regulae
2507 4632 2648 4708 pro
2702 4636 2897 4681 novo
2942 4612 3269 4710 Collegio
3293 4668 3311 4701 ‚
3367 4642 3495 4687 seu
3532 4621 3771 4693 Semi-

2244 4716 2460 4784 nario
2516 4715 2958 4786 Missionmn
3000 4766 3020 4797 ‚
3096 4719 3301 4814 apud
3363 4722 3769 4797 Ecclesiam

2245 4815 2520 4887 Beatae
2569 4818 2870 4888 Mariae
2927 4820 3270 4917 V'irginis
3317 4823 3422 4893 ad
3470 4828 3769 4901 Forna-

2242 4943 2362 4990 ces
2399 4972 2420 5006 ,
2474 4920 2814 5017 erigendo
2862 4947 3004 5019 pro
3065 4925 3234 4996 PP.
3292 4927 3772 5005 fitz-calceatis

2248 5022 2554 5094 Ordinis
2586 5024 2850 5095 SSn'tae
2884 5026 3281 5101 Trinitatis
3318 5035 3772 5132 Redemptio·

2248 5129 2366 5197 nis
2410 5128 2881 5227 Captivorum
2934 5129 3533 5231 Congregationis
3580 5140 3669 5209 H
3664 5143 3772 5212 is-

2239 5234 2666 5327 paniarum.
3666 5245 3770 5316 47

2147 5334 2649 5433 confirmatur
2704 5334 3150 5409 Constitutio
3193 5338 3482 5417 Urbani
3514 5345 3604 5419 V
3589 5345 3747 5419 III
3744 5404 3761 5420 .

2224 5461 2370 5538 pro
2434 5439 2988 5513 necessitatibus
3059 5444 3419 5519 Locorum
3489 5450 3771 5523 Terrae

2242 5543 2584 5619 Sanctae.
3672 5558 3767 5629 52
