4834 6409
3612 513 3780 635 295

384 638 697 737 bulum
733 710 758 758 ,
819 670 919 740 ut
966 644 1278 739 infirmi
1348 665 1501 765 ‘per
1583 647 1764 769 eiua
1829 641 2192 737 sonitum
2242 634 2720 735 commode·
2759 664 3057 731 vocare
3118 637 3435 762 possint
3502 640 3781 772 Cu-ar

381 787 658 854 torem
719 766 1357 881 aegrotantium.
1712 774 1721 783 ’
2002 782 2009 795 ’
2829 813 2838 825 ·
3429 838 3437 845 .
3578 821 3589 831 -

402 906 407 917 ’
508 882 644 972 Ad
696 885 1171 977 invisendos
1223 885 1594 979 infirmos
1676 916 1842 978 nou
1897 883 2199 976 adeant
2260 883 2507 973 simul
2555 906 2846 967 omnes
2929 879 3308 1000 ejuidem
3373 879 3776 974 Gamerae

400 1004 751 1097 Alumni
783 1070 808 1113 ‚
861 1005 1005 1096 sed
1055 1031 1382 1099 tantum
1434 1002 1605 1097 duo
1636 1074 1667 1119 ,
1741 1007 1880 1097 vel
1930 1029 2092 1093 tres
2143 1003 2342 1092 hora
2418 1002 3007 1117 recreationis,
3061 1003 3401 1091 arbitrio
3450 1035 3775 1094 eorum-

389 1120 578 1211 dem
634 1126 1150 1219 infirmorum
1217 1126 1322 1217 de
1397 1128 1722 1217 licentia
1791 1128 1880 1217 P.
1938 1126 2326 1212 Ministri.

1693 1371 1831 1459 De
1883 1364 2434 1457 Bibliotheca.

1250 1508 1497 1573 f'’·2
1714 1526 1729 1539 ·
1836 1498 1843 1503 ’
3161 1547 3172 1559 ›

496 1603 562 1707 S.
615 1632 699 1720 9.
753 1606 1240 1722 A'u‘geantur
1298 1634 1564 1735 aequo
1604 1632 1958 1726 ‘sumptu
2025 1608 2216 1696 libri
2301 1609 3043 1697 controversiarum
3099 1603 3746 1713 ‚catholicorum

372 1724 836 1815 Auctorum
872 1793 900 1832 ‚
958 1728 1404 1821 haereticas
1472 1734 1911 1851 praecipue
1966 1729 2424 1840 Anglorum
2483 1732 2911 1845 opiniones
2964 1719 3542 1817 refellentium.

498 1844 1133 1937 Distribuantur
1183 1846 1356 1941 dies
1391 1918 1416 1965 ‚
1482 1852 1788 1974 quibus
1841 1883 1985 1965 per
2022 1850 2311 1959 classes
2346 1852 2780 1963 separatim
2831 1846 3180 1933 Alumni
3243 1852 3365 1935 uti
3414 1852 3746 1940 valeant

369 1961 881 2056 Bibliotheca
920 2031 944 2075 ‚
1001 1999 1104 2057 ne
1156 1967 1259 2055 ad
1311 2006 1490 2065 eam
1564 1975 1980 2059 turmatim
2045 1966 2469 2059 accedant.
3563 2036 3572 2045 -

489 2083 760 2172 Nemo
825 2089 1079 2175 libros
1134 2090 1312 2181 sine
1395 2096 1725 2183 licentia
1794 2093 2056 2183 Patris
2116 2089 2482 2177 Rectoris
2546 2092 2632 2176 in
2722 2089 3048 2201 scriptis
3126 2087 3582 2177 obtinenda
3665 2096 3754 2179 in

367 2206 792 2319 proprium
845 2208 1331 2301 cubiculum
1398 2212 1786 2319 deferat,
1864 2235 1947 2299 et
2000 2233 2233 2297 nacta
2322 2206 2713 2297 facultate
2749 2272 2779 2310 ‚
2857 2206 3127 2299 tradat
3189 2207 3753 2304 Bibliothecae

367 2321 717 2412 Custodi
771 2326 1153 2421 licentiae
1202 2331 1684 2423 schedulam
1721 2400 1750 2438 ‚
1829 2326 2307 2419 adnotando
2369 2329 2527 2415 sub
2581 2361 2675 2421 ea
2727 2333 3061 2447 proprio
3126 2352 3534 2419 caractere
3586 2364 3755 2420 no-

368 2472 557 2531 meu
613 2474 853 2534 suum
886 2511 911 2556 ,
977 2472 1062 2539 et
1107 2448 1423 2545 librum
1476 2455 1636 2544 sibi
1690 2447 2333 2545 commodatum.

1684 2730 1689 2735 ·
1743 2696 1882 2784 De
1944 2628 2376 2778 Ambivio.
2463 2818 2470 2825 ·

476 2925 542 3024 S·
610 2954 733 3016 10.
790 2928 1014 3024 Infra
1092 2956 1255 3025 tres
1312 2904 1635 3029 menses
1695 2931 2140 3022 ordinatim
2208 2930 2756 3048 disponantur
2819 2931 3273 3045 scripturae
3309 2994 3334 3036 ,
3423 2954 3507 3020 et
3556 2932 3749 3021 libri

365 3040 700 3169 relative
749 3046 853 3139 ad
905 3057 1372 3169 generalem
1456 3052 1816 3144 indicem
1872 3059 1957 3143 in
2011 3050 2410 3141 Archivio
2495 3073 2969 3172 repertum,
3052 3072 3138 3138 et
3199 3056 3426 3167 juxta
3494 3084 3748 3178 quem

210 3217 220 3226 -
362 3156 703 3253 fuerunt
750 3169 971 3263 olim‘
1005 3171 1447 3297 diligenter
1511 3176 1835 3266 retenti.
1892 3212 1902 3219 ·
1952 3224 1959 3233 ·

1744 3417 1881 3504 De
1937 3414 2336 3538 collegio.
2467 3548 2476 3559 ο

470 3638 535 3744 S·
600 3674 630 3735 ι
664 3676 731 3735 1.
762 3656 769 3665 ’
804 3649 1046 3746 Porta
1100 3652 1494 3748 clathrata
1538 3652 1995 3745 'introrsum
2038 3659 2263 3743 'Arrii
2332 3686 2371 3741 a
2426 3652 2796 3743 Janitore
2847 3652 3119 3741 clausa
3165 3652 3729 3766 custodiatur,

352 3787 460 3848 ne
507 3792 657 3878 per
705 3799 884 3860 eam
935 3770 1590 3869 discurrentibus
1647 3777 2028 3893 Alumnis
2080 3804 2225 3896 per
2272 3772 3007 3882 deambulacrum,
3061 3769 3169 3860 ad
3231 3776 3742 3869 vestibulum
3875 3794 3884 3801 '

353 3904 629 3996 pateat
693 3887 990 3984 aditus.

471 4001 820 4102 Alumni
890 4046 1161 4137 neque
1230 4043 1723 4123 morentur,
1797 4045 2065 4137 neque
2155 4013 2553 4104 accedant
2629 4011 2735 4101 ad
2809 4011 3384 4121 vestibulum,
3453 4049 3737 4138 neque

352 4138 774 4214 extraneos
824 4130 909 4220 iu
953 4133 1420 4252 Collegium
1463 4204 1485 4243 ,
1537 4138 1970 4258 multoque
2020 4139 2296 4227 miuus
2353 4139 2438 4224 in
2495 4133 2879 4224 cubicula
2936 4129 3378 4227 admittant
3426 4139 3740 4263 absque

354 4235 683 4335 licentia
738 4248 835 4337 P.
873 4250 1242 4345 Rectoris
1270 4322 1299 4367 ,
1336 4291 1509 4353 ,scu
1560 4258 1948 4350 Ministri.

1383 4496 1551 4589 De·
1596 4492 2030 4587 Cubicule's
2084 4495 2683 4584 Alumnonum.

463 4724 528 4829 §-
610 4761 739 4820 ια.
809 4728 1046 4825 Ordo
1095 4735 1678 4831 cubiculorum
1756 4745 1862 4831 ita
1936 4734 2422 4850 disponatur
2457 4792 2490 4843 ,·
2552 4758 2645 4825 ut
2706 4736 3089 4827 cubicula
3159 4737 3411 4823 unius
3461 4768 3736 4831 came·

349 4871 497 4985 rae·
534 4848 696 4939 sint
756 4882 1086 4971 prorsus
1155 4856 1594 4971 distincta,
1666 4862 1915 4990 atque
1978 4863 2350 4976 seiuncta
2415 4892 2459 4948 a
2525 4857 2932 4948 cubiculis
3007 4854 3562 4983 Alumnorum
3617 4863 3734 4950 al·-

302 4978 601 5052 .tertus
679 4996 1076 5085 camerae,
3483 5046 3490 5053 -

467 5080 689 5177 Cum
761 5088 866 5179 de
926 5124 1156 5187 more
1218 5099 1302 5186 in
1355 5100 1729 5221 quolibet
1776 5102 2145 5193 semestri
2217 5094 2730 5188 immutanda
2796 5100 2961 5185 sint
3010 5120 3157 5211 pet·
3207 5120 3460 5188 norton
3520 5103 3730 5191 Alu-

346 5235 735 5299 mnorum
799 5213 1245 5326 cubicula,
1323 5221 1439 5308 eis
1519 5224 1867 5313 vetitum
1950 5227 2052 5306 sit
2116 5219 2438 5308 tabulas
2511 5221 2818 5338 pictas,
2887 5219 3254 5341 aliasque
3318 5217 3728 5334 Imagines

344 5348 673 5439 praeter
731 5328 910 5423 illas
963 5338 1291 5427 retineri
1328 5337 1653 5447 solitae,
1708 5345 1964 5431 muris
2014 5339 2313 5455 figere,
2385 5373 2492 5431 ne
2540 5366 2687 5457 per
2736 5340 3492 5454 glutinamentum,
3551 5345 3731 5433 aive

344 5447 769 5543 clavorum
826 5450 1225 5546 foramina
1279 5456 1639 5551 dealbati
1698 5467 2049 5581 parietes
2104 5458 2698 5551 deformentur.
3046 5472 3054 5479 ’

467 5567 809 5663 Eisdem
872 5580 1189 5694 pariter·
1254 5579 1642 5670 Alumnis
1711 5584 2137 5674 Sociorum
2204 5580 2713 5671 introductio
2785 5584 2872 5668 in
2959 5576 3348 5670 cubicula
3385 5644 3412 5689 ,
3477 5605 3728 5706 atque

344 5692 987 5787 comestibilium
1059 5702 1409 5793 retentio
1461 5704 1638 5797 sine
1712 5705 2045 5798 licentia
2120 5704 2653 5823 superiorum
2718 5704 2820 5793 sit
2869 5703 3213 5791 omnino
3259 5704 3539 5796 vetita.
