4834 6409
962 503 967 508 ’
1044 469 1173 558 32‘

1193 590 1325 708 13.
1388 584 1763 702 Quando
1862 585 2102 681 Deus
2182 589 2372 681 vult
2444 591 2758 685 salvare
2839 598 3201 686 animam
3249 657 3275 706 ‚
3373 627 3911 720 quocumque
3992 621 4366 722 tempore
4417 637 4470 715 ‚⁴

1054 742 1593 833 quocumque
1643 711 1829 800 loco
1862 774 1888 819 ,
1939 711 2295 803 effectus
2355 713 2940 806 indubitabilis
3004 723 3385 839 sequitur
3439 720 3955 812 voluntatem
3985 723 4195 813 :Det
4458 800 4465 812 .

1195 836 1327 921 13.
1358 937 1365 942 =
1398 828 1767 942 Quando
1815 832 2050 923 Deus
2127 836 2312 924 vult
2359 840 2724 926 animam
2767 841 3083 931 salvam
3145 840 3416 930 facere
3448 908 3476 951 ,
3538 865 3625 931 et
3687 872 3894 931 eam·
3923 848 4185 959 tangit
4229 849 4472 938 inte-·

1068 957 1267 1042 riori
1318 955 1623 1068 gratiae
1671 986 1868 1043 suae
1915 985 2232 1066 manu,
2287 958 2517 1047 nulla
2566 961 2951 1075 voluntas
3012 953 3378 1052 humana
3441 967 3520 1052 ei
3570 964 3897 1051 resistit.
4007 1045 4045 1055 .,
4125 1014 4168 1056 ,-
4453 1031 4466 1051 .

1199 1079 1330 1188 ι4.
1400 1074 2205 1197 Quantumcumque
2286 1103 2653 1169 remotus
2739 1116 2786 1170 a
2865 1083 3128 1171 salute
3213 1086 3320 1170 sit
3425 1107 3811 1200 peccator
3890 1083 4356 1173 obstinatus
4408 1148 4434 1194 ,

1067 1194 1410 1320 qua-udo
1471 1196 1711 1284 Jesus
1784 1228 1873 1285 se
1933 1201 2009 1285 ei
2087 1196 2546 1287 videndum
2613 1201 2951 1294 exhibet
3023 1205 3341 1318 lumine
3400 1206 3737 1293 salutari
3797 1234 3993 1295 suae
4055 1207 4361 1320 gratiae
4405 1271 4438 1312 ,

1060 1338 1387 1448 oportet
1418 1380 1445 1426 ,
1512 1340 1609 1404 ut
1681 1347 1770 1404 se
1810 1315 2074 1406 *dedat
2104 1382 2130 1428 ,
2204 1331 2640 1432 occurrat,
2705 1354 2882 1413 sese
2939 1321 3325 1415 humiliet
3357 1390 3383 1436 ,
3449 1351 3532 1415 et
3592 1322 3883 1414 adoret
3930 1327 4468 1418 Salvatorem:

1056 1470 1330 1525 suum.
3913 1499 3918 1508 -

1174 1591 1221 1645 -ι
1246 1557 1322 1644 5.
1395 1554 1765 1668 Quando
1823 1559 2056 1649 Deus
2115 1561 2602 1652 mandatum
2651 1579 2897 1652 suum
2934 1630 2960 1673 ,
3025 1587 3111 1654 et
3160 1598 3397 1653 suam
3448 1590 3865 1658 aeternam
3929 1563 4465 1653 locutionem.

1056 1685 1499 1769 comitatur
1559 1681 1957 1771 unctione
2005 1687 2134 1770 sui
2183 1687 2589 1800 Spiritus,
2654 1710 2740 1773 et
2786 1689 3158 1775 interiori
3205 1691 3291 1777 vi
3354 1694 3660 1801 gratiae
3723 1720 3918 1777 suae
3955 1749 3978 1793 ,
4046 1708 4435 1800 operatur

1048 1804 1188 1889 illa
1253 1805 1342 1887 iu
1413 1799 1664 1888 corde
1714 1801 2334 1912 obedientiam,
2403 1839 2655 1926 quam
2707 1811 2944 1923 petit.

933 2025 941 2032 ι
1044 2027 1051 2032 4
1187 1928 1324 2010 16.
1390 1922 1692 2015 Nullae
1742 1947 1938 2010 sunt
1991 1926 2471 2036 illecebrae,
2535 1959 2749 2048 quae
2785 1959 2954 2015 nou
3008 1919 3310 2015 cedant
3355 1926 3771 2017 illecebris
3819 1929 4126 2044 gratiae
4163 1988 4186 2034 ,
4240 1926 4456 2045 quia·

1055 2042 1269 2149 nihil
1318 2046 1623 2129 resistit
1687 2044 2295 2162 omnipotenti.
3786 2150 3793 2157 ¹
3837 2065 3844 2072 '

1189 2196 1321 2282 ¹7·
1389 2161 1672 2276 Gratia
1736 2188 1860 2250 est
1917 2198 2079 2253 vox
2125 2169 2263 2256 illa
2314 2167 2631 2274 Patris,
2699 2199 2912 2287 quae
2960 2167 3340 2254 homines
3401 2170 3745 2256 interius
3795 2167 4095 2274 docet,
4149 2199 4248 2256 ac
4296 2197 4436 2254 eos

1051 2289 1342 2398 venire
1393 2281 1591 2371 facit
1653 2282 1760 2372 ad
1805 2284 2090 2374 Jesum
2138 2288 2630 2402 Christum3
2685 2294 3203 2409 quicumque
3253 2286 3362 2375 ad
3409 2320 3604 2376 eum
3654 2322 3823 2378 non
3873 2290 4105 2379 venit
4140 2350 4165 2392 ,
4219 2308 4436 2404 post·

907 2419 917 2432 ‘
1056 2438 1309 2529 quam
1363 2403 1684 2496 audivit
1731 2436 2025 2494 vocem
2074 2411 2560 2497 exteriorem
2612 2411 2802 2496 Filii
2843 2474 2867 2517 ,
2910 2410 3390 2496 nullatenus
3438 2430 3564 2496 est
3597 2408 3894 2500 doctus
3944 2443 3991 2496 a
4041 2408 4309 2494 Patre.

1187 2527 1322 2614 18.
1356 2633 1361 2642 Ι
1392 2525 1695 2614 Semeu
1749 2528 2045 2638 verbi,
2120 2528 2352 2651 quod
2426 2562 2723 2617 manus
2771 2530 2934 2619 Dei
2981 2533 3262 2643 irrigat
3296 2593 3322 2638 ,
3388 2558 3712 2648 semper
3761 2529 4004 2617 affert
4064 2525 4437 2617 fructum

1055 2681 1329 2735 suum.
2529 2695 2534 2702 ·
3199 2697 3206 2702 ·

1186 2799 1317 2883 19.
1386 2767 1550 2855 Dei
1618 2767 2164 2878 gratia‘nihil
2240 2760 2473 2856 aliud
2548 2793 2669 2857 est
2716 2833 2744 2877 ,
2811 2801 3098 2888 quam.
3148 2775 3330 2884 ejus
3408 2774 3933 2888 omnipotens
3998 2768 4429 2855 voluntas:

1054 2887 1267 2978 haec
1333 2913 1461 2975 est
1535 2886 1778 2993 idea,
1844 2918 2096 3006 quam
2156 2889 2394 2978 Deus
2466 2894 2644 3008 ipse
2707 2887 3267 2978 nobistradit
3348 2895 3434 3008 in
3514 2892 3906 2981 omnibus
3969 2891 4141 2977 suis
4218 2889 4432 2976 Scri-

1123 3033 1355 3100 turis.
2609 3091 2613 3095 Α
3556 3099 3563 3104 ,
3931 3083 3940 3092 .

1057 3042 1117 3127 P
1178 3160 1317 3217 3ο.
1386 3128 1606 3219 Vera
1667 3130 1975 3241 gratiae
2022 3126 2211 3220 idea
2260 3156 2385 3221 est
2418 3196 2444 3242 ,
2569 3128 2742 3217 uod
2801 3130 3034 3219 Deus
3083 3131 3269 3221 vult
3318 3132 3480 3228 sibi
3533 3165 3578 3220 a
3629 3131 3874 3219 nobis
3938 3129 4311 3237 obediri,
4351 3151 4437 3216 et

1059 3248 1507 3361 obeditum
1572 3252 1974 3365 imperat,
2037 3275 2120 3342 et
2169 3257 2448 3342 omnia
2594 3276 2804 3366 unt3
2871 3253 3242 3372 loquitur
3309 3275 3714 3373 tanquam
3785 3253 4203 3339 Dominus
4253 3312 4279 3357 ,
4347 3272 4435 3337 et

1054 3374 1331 3485 omnia
1382 3372 1546 3457 sibi
1599 3370 2001 3459 submissa
2049 3395 2269 3461 sunt.
3273 3483 3278 3488 .
3803 3417 3806 3420 Δ

1178 3521 1321 3611 nr.
1385 3487 1670 3580 Gratia
1719 3491 1916 3580 Jesu
1966 3493 2281 3580 Christi
2329 3516 2455 3582 est
2503 3485 2759 3607 g'ratia
2805 3490 3036 3582 fortis
3071 3557 3097 3602 ,
3160 3514 3455 3607 potens
3489 3555 3515 3600 ,
3564 3522 3947 3607 suprema
3986 3554 4012 3600 ,
4080 3492 4434 3582 invinci-

1049 3607 1289 3722 bilis,
1352 3635 1646 3728 utpote
1695 3645 1910 3734 quae
1957 3639 2082 3702 est
2128 3619 2495 3734 operatio
2545 3618 3042 3731 operationis
3097 3613 3263 3702 Dei
3315 3616 3869 3722 incarnautis,
3935 3636 4021 3703 et
4082 3613 4428 3701 resusci-

1057 3731 1329 3845 tantis
1362 3733 1675 3820 Filium
1727 3766 2000 3842 suum.

1078 3937 1087 3952 ,
1176 3885 1318 3939 33.
1385 3851 1855 3942 Concordia
1906 3858 2556 3974 omnipontentis
2602 3857 3110 3972 operationis·
3130 3855 3294 3944 Dei
3346 3857 3431 3942 iu
3484 3852 3736 3943 corde
3783 3853 4193 3960 hominis,
4233 3880 4431 3967 cnm

1057 3973 1326 4064 libero
1373 3975 1628 4091 ipsius
1676 3975 2126 4064 voluntatis
2173 4009 2587 4067 consensu
2633 3974 3247 4064 demonstratur
3317 3978 3542 4064 illico
3591 3975 3832 4074 nobis
3883 3978 3968 4062 iu
4033 3975 4431 4068 lucarna-

1064 4096 1292 4183 tione
1326 4158 1351 4203 ,
1416 4097 1680 4185 veluti
1725 4098 1814 4182 iu
1863 4095 2091 4187 fonte
2124 4163 2148 4206 ,
2198 4123 2449 4220 atque
2525 4096 2975 4212 archetypo
3022 4098 3400 4185 omnium
3450 4096 3796 4184 aliarum
3846 4093 4430 4211 operationum

1050 4212 1733 4322 misericordiae,
1796 4239 1880 4304 et
1925 4223 2230 4330 gratiae
2266 4283 2291 4329 ,
2357 4251 2575 4340 quae
2622 4219 3068 4304 omnes‘ita
3119 4220 3519 4330 gratuitae
3554 4279 3580 4324 ,
3646 4242 3897 4340 atque
3959 4221 4072 4304 ita
4117 4212 4427 4329 depen-

1059 4333 1356 4424 dentes
1405 4370 1449 4424 a
1498 4336 1684 4426 Deo
1734 4361 1930 4424 sunt
1968 4402 1992 4446 ,
2059 4344 2273 4427 sicut
2323 4343 2491 4460 ipsa
2543 4337 2957 4449 originalis
3007 4341 3399 4454 operatio.

1185 4459 1324 4544 33.
1387 4449 1626 4547 Deus
1685 4460 1859 4574 ipse
1935 4460 2176 4548 nobis
2241 4458 2515 4549 ideam
2595 4454 2933 4547 tradidit
3007 4461 3599 4575 omnipotentis
3674 4458 4172 4575 operationis
4236 4484 4435 4546 suae

1060 4580 1369 4692 gratiae
1405 4641 1431 4688 ,
1493 4610 1677 4667 eam
1723 4578 2192 4689 significans
2238 4614 2390 4702 per
2438 4582 2663 4668 illam
2681 4627 2719 4688 ·,
2773 4605 2936 4698 qua
2993 4603 3402 4669 creaturas
3450 4611 3498 4668 e
3535 4577 3802 4668 nihilo
3847 4576 4291 4698 producit,
4346 4596 4442 4664 et

1056 4702 1410 4787 mortuis
1459 4697 1735 4787 reddit
1778 4703 2060 4791 vitam.
2670 4755 2707 4811 .·
2791 4777 2798 4786 .

1186 4825 1331 4932 34.
1397 4813 1630 4910 Justa
1679 4818 1865 4910 idea
1894 4884 1919 4932 ,
1987 4853 2239 4942 quam
2286 4821 2692 4911 Centurio
2753 4818 3008 4907 habet
3055 4816 3163 4909 de
3240 4822 3838 4939 omnipotentia
3885 4820 4104 4932 Dei,
4156 4843 4241 4909 et
4287 4815 4438 4912 Ie«.

1058 4973 1160 5028 su
1228 4940 1542 5031 Christi
1609 4945 1694 5028 in
1757 4942 2144 5032 sanandis
2195 4944 2677 5058 corporibus
2727 4942 2904 5029 solo
2951 4965 3185 5028 motu
3233 4973 3432 5031 suae
3478 4942 3929 5034 voluntatis
3963 5003 3992 5050 ,
4056 4965 4180 5030 est
4229 4945 4431 5028 ima·

1056 5092 1162 5177 go
1209 5057 1449 5153 ideae
1483 5127 1515 5169 ,
1579 5061 2130 5182 quae-haberi
2183 5062 2437 5155 debet
2485 5062 2593 5153 de
2643 5064 3242 5180 omnipotentia·
3289 5095 3483 5154 suae
3550 5067 3855 5179 gratiae
3904 5064 3991 5150 in
4041 5059 4433 5152 sanandis

1057 5184 1496 5272 animabus
1558 5218 1604 5273 a
1655 5182 2136 5300 cupiditate.
2949 5263 2960 5270 .
3663 5225 3670 5236 ·

1187 5304 1327 5391 35.
1388 5305 1627 5394 Deus
1675 5306 2092 5395 illuminat
2139 5309 2498 5396 animam
2532 5372 2563 5428 ,
2614 5331 2697 5396 et
2747 5337 2927 5397 eam
2978 5330 3212 5399 sanat
3260 5337 3524 5428 aeque
3582 5338 3680 5398 ac
3727 5335 4029 5427 corpus
4076 5305 4245 5394 sola
4281 5333 4431 5392 sua

1076 5424 1554 5518 voluntate:
1618 5426 1858 5546 jubet
1891 5491 1922 5534 ,
1981 5451 2065 5518 et
2112 5433 2265 5545 ipsi
2327 5429 2969 5545 obtemperatur.

1000 5569 1013 5584 ‘
1198 5549 1335 5636 36.
1400 5549 1705 5639 Nullae
1754 5545 2060 5637 dantur
2124 5552 2479 5664 gratiae,
2543 5553 2703 5639 nisi
2754 5584 2902 5670 per
2948 5546 3227 5640 fidem.

1187 5697 1325 5788 27·
1396 5668 1643 5762 Fides
1690 5695 1814 5761 est
1859 5674 2122 5792 prima
2172 5676 2473 5787 gratia,
2539 5693 2625 5762 et
2671 5670 2853 5762 fons
2904 5669 3279 5761 omnium
3331 5666 3699 5761 aliarum.

1543 5940 1579 5962 S
