4834 6409
3779 304 3818 316 -6’

1061 451 1110 507 2
1179 453 1234 506 o

1051 453 1292 633 11171110
1369 567 1741 656 unquam
1796 557 2168 650 tempore
2219 520 2679 622 collabatur
2713 598 2738 642 ,
2805 529 2953 621 sed
3006 536 3092 621 in
3153 561 3558 652 perpetuo
3606 538 3812 625 flore
3846 593 3871 637 ,
3937 554 4023 619 et
4084 534 4371 645 vigore
4402 593 4432 639 ,

1053 670 1305 755 etiam
1339 659 1636 761 „futura
1685 680 1951 744 aetate
2008 679 2592 773 perseverent,
2643 654 3022 744 eamdem
3057 688 3206 771 pro
3253 664 3659 746 tenuitate
3707 657 4010 739 virium
4061 684 4438 740 mearum

1048 790 1209 876 sub
1274 816 1419 899 spe
1471 780 2107 870 clementissime
2192 779 2809 893 approbationis
2860 779 3284 865 celsissimi
3363 780 3768 897 Principis
3804 838 3834 878 ,
3879 806 3998 862 -ac
4081 775 4430 862 Domini

1046 912 1218 997 mei
1270 902 1896 994 clementissimi
1945 924 2100 987 etc.
2190 903 2571 1016 sequenti
2625 897 2878 985 modo
2926 896 3284 986 fundare
3335 906 3752 989 constitui.
4103 898 4127 933 ⁴

1167 1020 1883 1144 Quandoquidem
1934 1024 2567 1138 praememorati
2623 1021 2904 1108 Patres
2950 1023 3019 1107 F
3027 1026 3476 1108 ranciscani
3530 1028 3612 1113 vi
3660 1053 3857 1109 suae
3908 1017 4239 1130 regulae
4273 1079 4300 1122 ,
4352 1038 4440 1103 et

1044 1174 1543 1260 statutorum
1612 1147 1880 1229 omnis
1948 1144 2468 1257 proprietatis
2505 1205 2529 1249 ,
2601 1175 2698 1229 ac
2748 1140 3232 1230 reddituum
3285 1168 3482 1229 sunt
3556 1148 3986 1258 incapaces
4035 1204 4058 1247 ,
4123 1136 4438 1225 idcirco

1043 1276 1438 1384 consigno
1472 1330 1498 1375 ,
1564 1265 1789 1351 dono
1817 1329 1846 1370 ,
1911 1287 1995 1349 et
2094 1264 2481 1380 relinquo
2529 1262 2717 1349 Deo
2768 1282 3165 1382 tanquam
3219 1263 3444 1350 Patri
3509 1265 4017 1367 universali,
4083 1265 4432 1379 ejusque

964 1436 973 1445 ·
1041 1393 1621 1481 immaculatae
1660 1388 2021 1499 Sponsae
2070 1384 2154 1467 S.
2191 1382 2286 1466 R.
2336 1384 2473 1487 E.,
2525 1384 2661 1472 vel
2717 1385 2957 1469 Matri
3012 1382 3427 1469 Fidelium
3479 1385 3952 1474 Universali
4003 1381 4109 1467 de
4158 1381 4468 1483 bonizi,-

1042 1547 1141 1602 ac
1210 1508 1854 1629 possessionibus
1907 1504 2112 1590 mihi
2179 1505 2521 1590 caelitus
2586 1510 3016 1618 impeatitis
3080 1502 3527 1594 duodecies
3587 1508 3817 1592 mille
3869 1526 3952 1592 et
4003 1524 4429 1589 sexcentos

1026 1635 1407 1741 ‚florenos
1457 1694 1482 1737 ,
1573 1627 1787 1715 idest
1858 1632 2157 1712 12600.
2241 1625 2420 1709 flor.
2505 1631 2805 1738 partim
2889 1624 2991 1710 ad
3047 1658 3385 1710 manum
3440 1653 3632 1714 actu
3709 1630 4199 1729 existentes,
4252 1652 4437 1736 par-

1042 1760 1199 1842 tim
1259 1758 1346 1839 in
1395 1751 1652 1836 domo
1698 1750 1952 1863 partis
2005 1768 2637 1858 transpontanae
2708 1744 2812 1831 ad
2863 1777 3195 1832 auream
3247 1744 3606 1834 Crucem
3661 1746 3877 1831 dicta
3935 1744 4181 1830 hodie
4225 1740 4434 1827 dum

1043 1879 1133 1962 in
1186 1876 1430 1960 bonis
1479 1871 1824 1956 Domini
1876 1863 2265 1952 Andreae
2317 1866 2732 1952 Ottmann
2789 1869 2992 1953 civis
3030 1931 3054 1973 ,
3111 1890 3206 1952 ‚et
3265 1872 3738 1953 mercatoris
3791 1867 4434 1975 Saiisburgensis

1046 1998 1497 2099 existente,
1573 1992 1855 2077 censui
1928 1990 2386 2100 expositos,
2470 2018 2662 2072 cum
2732 1987 2884 2073 hac
2953 2010 3234 2073 tamen
3289 1988 3827 2094 conditione,
3897 2020 3993 2072 ac
4079 2014 4435 2071 reserva-

1046 2121 1276 2203 tione
1323 2144 1693 2228 expressa
1731 2176 1761 2215 ‚
1818 2133 1916 2194 ut
1963 2139 2060 2194 ex
2128 2128 2321 2194 ante
2378 2105 2604 2201 dicto
2656 2109 2978 2220 capitali
3053 2105 3445 2227 equidem
3525 2110 3656 2196 bis
3714 2108 3946 2194 mille
3995 2106 4288 2191 floreni
4340 2105 4437 2188 il-

1042 2238 1210 2325 lico
1256 2239 1345 2322 in
1397 2233 1795 2321 fabricam
1864 2228 2162 2316 domus
2197 2292 2220 2334 ,
2278 2251 2361 2315 et
2412 2227 2859 2342 Cappellae
2911 2229 3471 2317 Missionariae
3524 2231 3707 2316 loco
3767 2225 4135 2348 quodam
4195 2256 4438 2313 com-¹

1039 2380 1377 2473 petente
1454 2354 1947 2442 commutari
2039 2350 2367 2438 valeant
2414 2412 2440 2455 ,
2512 2353 2829 2467 reliqua
2906 2380 3105 2437 vero
3180 2381 3500 2436 summa
3571 2356 3803 2436 omni
3886 2373 4257 2465 tempore
4320 2341 4486 2430 ad.

1044 2511 1388 2565 censum
1438 2479 1816 2595 quinque
1865 2502 2018 2587 pro
2069 2493 2407 2556 centum
2464 2493 2790 2556 maneat
2841 2473 3197 2584 exposita
3230 2533 3253 2574 ,
3321 2476 3561 2585 cujus
3610 2472 4034 2586 pensionis
4086 2498 4448 2554 censua-

1039 2599 1143 2685 lis
1192 2596 1635 2684 dimidium
1689 2594 1795 2680 ad
1849 2617 2176 2706 tempus
2239 2622 2474 2678 meae
2532 2599 2750 2676 vitae
2813 2591 3195 2676 Patribus
3262 2590 3329 2673 F
3337 2594 3829 2677 ranciscanis
3896 2588 4430 2674 Missionariis

1035 2751 1191 2836 pro
1220 2732 1613 2834 ,tempore
1672 2713 2217 2802 existentibus
2302 2716 2386 2796 in
2469 2715 3206 2818 sustentationem,
3285 2713 3445 2797 sub
3521 2717 3840 2799 ratione
3890 2742 4149 2828 purae
4215 2709 4431 2794 elee-

1039 2871 1438 2954 mosynae
1502 2835 1758 2924 modo
1808 2836 2203 2937 meliore,
2259 2863 2429 2949 quo
2478 2856 2673 2917 sunt
2722 2837 2901 2945 ejus
2954 2862 3290 2945 capaces
3328 2895 3352 2935 ,
3421 2832 3664 2919 cedat
3700 2897 3723 2941 ,
3790 2834 4043 2918 altera
4125 2827 4448 2915 medie·-

1036 2984 1160 3048 tas
1195 2992 1394 3047 vero
1444 2959 1651 3045 mihi
1705 2961 2208 3044 etiamnum
2265 2984 2413 3067 pro
2467 2953 3092 3038 necessitatibus
3144 2956 3346 3038 meis
3406 2958 3704 3041 serviat
3739 3017 3769 3056 ,
3827 2975 4194 3038 attamen
4243 2971 4432 3065 post:

1043 3082 1371 3167 obitum
1425 3110 1709 3165 meum
1771 3079 1942 3161 sive
1992 3076 2303 3179 seriuS,
2378 3077 2553 3159 sive
2607 3076 2848 3158 citius
2926 3079 3153 3188 juxta
3221 3073 3835 3187 providentiam
3888 3071 4226 3159 divinae
4275 3099 4425 3158 vo·

1040 3201 1387 3287 luntatis
1436 3221 1934 3289 eventurum
1974 3258 1998 3301 ,
2069 3216 2342 3278 totum
2433 3195 2781 3307 capitale
2832 3225 2996 3279 una
3071 3225 3265 3280 cum
3342 3193 3590 3309 pleno
3642 3218 3899 3282 censu
3949 3191 4055 3278 ad
4109 3222 4438 3278 conser-

1035 3325 1457 3439 vationem
1509 3320 1778 3406 dictae
1826 3317 2243 3401 Missionis
2305 3312 2793 3429 deputatum
2880 3316 2985 3399 sit
3034 3376 3059 3420 ,
3146 3334 3230 3400 et
3278 3345 3448 3401 esse
3530 3314 3851 3401 debeat.
3940 3315 4036 3399 In
4091 3342 4430 3399 omnem

1037 3465 1436 3531 eventum
1494 3465 1825 3544 autem,
1893 3468 2063 3554 quo
2131 3457 2415 3521 contra
2465 3465 2691 3548 spem
2757 3466 3028 3520 meam
3095 3466 3637 3553 quocumque
3701 3459 4076 3550 tempore
4139 3431 4424 3517 futuro

860 3567 874 3583 ’
980 3566 1386 3667 ,mutatio
1464 3565 1739 3685 aliqua
1792 3560 2008 3643 circa
2061 3587 2300 3669 saepe
2364 3553 2674 3640 dictam
2779 3555 3111 3641 Sacram
3198 3558 3682 3642 Missionem
3751 3556 4292 3667 obtingeret,
4345 3574 4431 3637 et

947 3753 955 3762 .
1034 3683 1198 3767 ΡΡ.
1255 3684 1325 3766 F
1331 3683 1781 3769 ranciscani
1833 3679 2460 3792 praememorati
2516 3674 3004 3761 Conventus
3042 3739 3067 3782 ,
3133 3711 3228 3763 ac
3276 3678 3766 3763 Provinciae
3813 3674 4185 3769 „eandem
4248 3674 4428 3758 obi·

1035 3834 1126 3889 re
1181 3836 1343 3889 non
1402 3806 1754 3920 amplius
1820 3801 2494 3914 permitterentur
2537 3859 2568 3900 ,
2632 3792 2981 3908 dispono
3056 3801 3396 3913 proprio
3472 3792 3769 3904 motu,
3850 3820 3935 3883 et
4020 3798 4416 3880 instinctu

916 3923 925 3931 ’
1030 3923 1206 4129 ἕως
1254 3956 1497 4011 causa
1547 3920 2097 4040 spiritualium
2149 3914 2749 4002 beneficiorum
2801 3979 2830 4020 ,
2897 3947 3111 4035 quae
3164 3952 3207 4004 a
3290 3915 3872 4032 saepelaudato
3950 3913 4273 4001 Ordine
4341 3913 4420 3998 S.

1109 4048 1449 4133 rancisci
1503 4049 1586 4130 in
1640 4040 2054 4155 singulare
2143 4040 2462 4124 animae
2530 4067 2763 4122 meae
2847 4038 3232 4125 solatium
3312 4040 3654 4152 accepi,
3742 4040 4074 4156 alioque
4157 4031 4412 4122 modo

1035 4197 1568 4282 compensare
1618 4196 1782 4252 non
1839 4161 2062 4248 valui
2094 4155 2131 4275 )
2169 4182 2262 4245 ut
2312 4189 2407 4243 ex
2461 4182 2664 4245 tunc
2717 4178 2985 4243 totum
3035 4158 3440 4271 capitale,
3495 4160 4014 4279 ubicumque
4065 4188 4166 4244 eo
4219 4182 4425 4243 tem-

1024 4318 1229 4402 pore
1293 4286 1859 4400 reperientur,
1915 4280 2425 4383 relevatum,
2505 4309 2663 4363 una
2717 4308 2907 4364 cum
2967 4276 3378 4381 refusione
3449 4310 3989 4394 expensarum
4049 4311 4194 4393 pro
4248 4308 4424 4363 ere·-

974 4484 977 4489 .
1030 4413 1305 4495 ctione
1365 4407 1663 4493 domus
1724 4402 2288 4490 Missionariae
2348 4397 2809 4504 factarum,
2855 4400 3119 4485 ealteri
3196 4397 3530 4492 cuidam
3610 4402 3978 4486 Missioni
4012 4461 4036 4504 ,
4121 4399 4424 4512 Hospi-·

1028 4532 1146 4615 tio
1181 4589 1204 4632 ,
1284 4527 1420 4614 vel
1471 4527 1870 4617 Fabi-icae
1928 4521 2378 4629 Religiosae
2442 4527 2650 4606 intra
2688 4584 2712 4624 ,
2757 4522 2903 4608 'vel
2982 4545 3204 4608 extra
3274 4521 3982 4631 Salisburgensem
4069 4518 4480 4605 Provin··

1031 4651 1239 4735 ciam
1295 4678 1445 4761 pro
1511 4649 1808 4752 libit‘0,
1897 4665 1983 4728 et
2031 4638 2137 4726 ad
2220 4641 2618 4753 placitum
2672 4640 2759 4757 P,
2834 4640 3426 4744 provincialis,
3506 4672 3654 4727 seu
3711 4643 4175 4757 Superioris
4252 4640 4410 4725 ΡΡ.

1024 4770 1769 4875 Franciscanorum
1814 4765 2536 4878 supranominatae
2592 4763 3269 4873 Argentinensis‚
3343 4794 3488 4846 seu
3544 4763 4003 4877 Superioris
4071 4762 4416 4847 Germa·-

1025 4893 1215 4977 niae
1278 4889 1766 4977 Provinciae
1816 4918 1917 4975 eo
1983 4907 2351 4996 tempore
2412 4886 2830 4969 existentis
2867 4945 2892 4991 ,
2945 4907 3030 4973 et
3082 4915 3249 4969 non
3313 4883 3551 4971 aliter
3601 4884 3997 4999 applicari
4069 4881 4402 4986 debeat,

1024 5012 1163 5101 vel
1210 5015 1494 5126 possit.
2757 5089 2764 5097 .
3983 5028 3994 5033 '

1143 5133 1283 5218 Ut,
1331 5156 1614 5219 autern
1695 5128 1903 5216 haec
1971 5155 2149 5210 mea
2229 5124 2640 5232 intenti0,
2729 5119 3171 5232 fundatiO,
3235 5126 3637 5212 et²unice
3702 5123 3805 5211 ad
3878 5145 4420 5239 augmentum

1021 5254 1288 5341 divini
1364 5250 1700 5340 honoris
1763 5248 2192 5337 collimans
2270 5245 2694 5363 dispositio
2759 5266 3103 5361 scopum
3190 5277 3434 5331 suum
3520 5270 3993 5362 exoptatum
4044 5281 4139 5337 ex
4193 5274 4418 5330 nunc

1018 5406 1285 5494 usque
1348 5375 1433 5459 in
1498 5395 1897 5491 perpetua
1979 5367 2302 5453 saecula
2369 5368 2955 5454 inviolabiliter
3032 5371 3379 5480 attingat
3427 5434 3451 5479 ,
3541 5367 3744 5454 hinc
3826 5402 3978 5487 pro
4042 5366 4417 5490 quolibet

904 5564 913 5573 .
1017 5521 1392 5614 tempore
1455 5517 1989 5609 regnaturum
2057 5489 2530 5606 Principem
2599 5488 3164 5577 territorialern
3205 5553 3228 5597 ,
3320 5524 3415 5579 ac
3475 5488 3939 5578 Dominum
4027 5492 4414 5578 Clemen-

1010 5621 1452 5707 tissimum
1524 5617 1821 5707 harum
1889 5617 2175 5728 vigore
2257 5631 2653 5735 tanquam
2741 5610 2962 5699 illius
3057 5632 3640 5725 executorem,
3708 5611 4376 5704 confirmatorem
