4834 6409
393 629 578 720 tatis
641 614 1358 744 quadragesimum
1408 614 1793 734 quintum
1846 608 2207 723 excedat.
2262 609 2637 700 Profiteri
2691 637 2967 700 autem
3022 642 3189 697 non
3241 612 3542 725 poterit
3591 634 3783 701 ante
3834 624 3843 631 “

394 725 901 863 completum
954 739 1388 825 biennium
1443 734 1930 822 Novitiatus.
1988 735 2073 818 Si
2122 766 2283 852 qua
2335 766 2534 821 vero
2583 735 2910 821 Novitia
2966 736 3047 817 in
3104 755 3373 819 aetate
3425 732 3787 844 ,legitime

391 871 836 957 constituta
873 926 897 968 ,
965 857 1472 972 probationis
1540 887 1762 942 anno
1813 852 2189 941 nondum
2240 855 2622 970 expleto,
2688 856 2797 940 ob
2844 854 3411 940 infirmitatem
3462 854 3570 938 ab
3622 849 3786 936 hoc
3894 900 3902 908 ·

392 986 724 1079 saeculo
771 986 1213 1095 migratura
1244 1041 1269 1084 ,
1334 1006 1484 1090 pro
1535 978 2096 1063 consolatione
2158 979 2482 1062 animae
2532 1008 2726 1062 suae
2770 971 2883 1064 ad
2948 974 3319 1061 habitum
3376 970 3779 1077 Professa·

402 1138 591 1194 rum
642 1102 961 1191 admitti
1029 1097 1616 1187 desideraverit
1650 1161 1673 1203 ,
1731 1128 2001 1182 coram
2058 1096 2549 1202 Abbatissa,
2605 1123 2683 1183 et
2738 1096 3243 1183 Monialibus
3294 1094 3399 1179 ab
3450 1094 3785 1183 Abbate

401 1224 787 1314 Generali
825 1287 850 1329 ,
917 1221 1048 1308 vel
1110 1251 1208 1306 ex
1269 1221 1448 1330 ejus
1513 1220 2086 1303 commissione
2127 1216 2238 1300 ab
2297 1219 2576 1333 aliquo
2640 1215 3085 1307 Sacerdote
3158 1214 3575 1303 Monacho
3650 1210 3794 1299 ad·

403 1350 614 1433 mitti
670 1347 968 1458 poterit
1019 1338 1123 1426 ad
1174 1334 1756 1453 professionem
1809 1334 2300 1422 faciendam.
2371 1337 2511 1421 IV.
2554 1338 2760 1423 'Non
2823 1336 3488 1451 multiplicentur
3526 1333 3796 1435 ‘Novi-

401 1471 561 1554 tiae
598 1530 621 1572 ‚
695 1465 826 1550 vel
881 1460 1284 1546 Moniales
1336 1460 1546 1545 ultra
1605 1490 2043 1543 numerum
2099 1488 2380 1543 earum
2419 1520 2443 1563 ,
2526 1491 2737 1576 quae
2788 1488 2883 1541 ex
2934 1454 3395 1542 redditibus
3445 1455 3793 1569 propriis

400 1586 932 1688 Monasterii,
1013 1579 1144 1667 vel
1214 1612 1311 1666 ex
1377 1583 1787 1666 consuetis
1829 1579 2394 1688 eleemosynis
2445 1578 2877 1664 commode
2941 1582 3253 1692 possint
3300 1579 3792 1678 sustentari.

408 1707 638 1792 Nihil
691 1720 900 1789 vero'
944 1696 1089 1816 pro
1153 1730 1431 1786 earum
1513 1702 1979 1814 receptione
2029 1700 2110 1782 in
2166 1698 2593 1784 Novitiatu
2657 1701 2788 1787 vel
2842 1697 3338 1813 professione
3402 1730 3448 1782 a
3509 1696 3797 1793 Mona·

405 1831 651 1915 sterio
703 1826 1097 1933 exigatur,
1152 1844 1491 1936 excepto
1539 1824 1843 1904 vestitu
1896 1817 2444 1905 Novitiamm.
2478 1820 2594 1903 Et
2634 1819 2978 1937 quando
3028 1815 3500 1907 vestiendae
3554 1838 3801 1917 erunt

416 1947 710 2032 habitu
761 1943 1276 2029 Novitiarum
1312 2004 1334 2047 ,
1391 1941 1522 2029 vel
1576 1939 1866 2024 habitu
1923 1936 2473 2024 professarum
2515 2002 2537 2045 ,
2595 1938 2679 2023 id
2747 1939 2889 2026 fiat
2938 1943 3018 2023 in
3073 1939 3445 2024 Ecclesia
3506 1937 3799 2041 Mona·

408 2069 630 2153 sterii
685 2095 957 2149 coram
1018 2061 1447 2147 Abbatissa
1489 2124 1511 2165 ,
1567 2083 1649 2145 et
1723 2060 2230 2159 Monialibus
2288 2063 2390 2144 'in
2460 2062 2840 2147 manibus
2906 2060 3257 2145 Abbatis
3310 2058 3740 2145 Generalis
3769 2108 3798 2159 ‚-

406 2190 743 2302 praevio
807 2214 1209 2269 consensu
1277 2180 1667 2295 Episcopi
1723 2242 1748 2287 ,
1815 2181 1943 2265 vel
2014 2184 2101 2265 in
2164 2182 2550 2265 manibus
2621 2184 2873 2294 ipsius
2945 2181 3340 2293 Episcopi
3392 2218 3441 2283 ,·
3482 2180 3802 2263 monito

408 2311 637 2420 prius
692 2303 1022 2390 Abbate
1075 2298 1487 2389 Generali.
1541 2302 1642 2383 V.
1699 2301 2017 2385 Velum'
2045 2304 2674 2385 consecrationis
2724 2301 2933 2385 nulli
2988 2301 3479 2385 Moniali'um
3531 2295 3800 2404 detur,

412 2431 567 2511 nisi
636 2426 740 2510 ab
791 2424 1234 2538 EpiscopO,
1289 2420 1543 2540 idque
1594 2422 2076 2529 Virginibus
2127 2419 2465 2536 quidem
2518 2454 2740 2506 anno
2790 2423 3073 2506 aetatis
3137 2418 3796 2538 quadragesimO,
3885 2435 3904 2480 '-

410 2545 711 2639 Viduis
766 2574 959 2630 vero
1010 2572 1230 2629 anno
1293 2544 1845 2651 sexagesimo:
1920 2572 2071 2626 nec
2126 2545 2276 2625 nisi
2349 2542 2688 2654 expletis
2764 2543 3048 2626 saltem
3119 2544 3495 2658 quinque
3566 2543 3804 2623 annis

414 2690 599 2781 post
649 2666 1025 2751 emissam
1087 2663 1699 2778 professionem.
1756 2661 1892 2746 Sic
1944 2684 2218 2745 autem
2274 2663 2630 2768 velatae,
2676 2664 3014 2778 reliquis
3076 2692 3243 2745 non
3300 2661 3804 2771 velatis,.eit-
4016 2724 4029 2731 ‚

413 2780 646 2899 cepta
719 2785 1216 2888 Abbatissa,
1289 2778 1837 2897 praecedant,
1877 2805 1961 2866 et
2010 2782 2171 2865 veli
2239 2778 2497 2866 forma
2553 2782 3190 2892 distinguantur.
3262 2780 3416 2864 VI.
3450 2779 3589 2869 .Iu.
3645 2781 3807 2867 eleae
3885 2806 3911 2851 ·;

409 2911 689 2991 ctione
776 2907 1257 2989 Abbatissae
1294 2930 1330 3007 ,·
1379 2904 1925 3019 omniumque
1995 2899 2535 2987 officialium.
2602 2902 3000 2987 Moniales
3040 2898 3471 3017 ,professae
3505 2963 3529 3005 ,
3596 2932 3808 3106 tame
3864 2978 3883 3006 χ

416 3024 624 3113 duos
704 3028 1057 3134 integros
1128 3044 1309 3136 post
1373 3019 1956 3133 professionem
1999 3054 2281 3140 ‘annos
2354 3025 2435 3107 in
2493 3025 2994 3108 Monasterio
3043 3032 3453 3134 egerunt,
3516 3052 3611 3105 su
3689 3055 3810 3106 ra-

415 3148 539 3256 gia
596 3142 865 3228 ferant
909 3170 1204 3228 coram
1264 3141 1589 3226 Abbate
1661 3141 2054 3229 Generali
2092 3206 2117 3248 ,
2185 3146 2317 3228 vel
2383 3149 2562 3257 ejus
2612 3143 3116 3247 substitut0,
3180 3168 3261 3227 et
3334 3154 3611 3248 coram
3662 3150 3805 3250 ἑο,
3860 3171 3911 3263 J

423 3264 558 3350 c'ui
614 3262 720 3350 de
783 3271 967 3378 jure
1029 3266 1446 3378 competit.
1512 3261 1630 3345 Et
1685 3261 1960 3379 quoad
2029 3288 2373 3350 aetatem
2432 3264 2858 3375 eligendae
2895 3327 2919 3371 ,
2968 3285 3342 3350 servetur
3390 3260 3876 3377 'dispositio‘

417 3389 622 3499 juris
676 3375 1118 3469 Canonici:
1164 3412 1424 3499 eaque
1477 3380 1729 3468 debet
1764 3412 1962 3491 esse,
2002 3415 2214 3501 quae
2264 3416 2523 3469 annos
2573 3386 2864 3469 saltem
2918 3388 3295 3501 quinque
3341 3407 3524 3499 post
3571 3388 3822 3471 emis-²*

416 3539 587 3590 sam
640 3503 1227 3619 professionem
1280 3508 1362 3587 in
1430 3501 1932 3589 Monasterio
1982 3503 2503 3590 laudabiliter
2558 3507 2877 3615 vixerit³
2948 3506 3347 3621 Reliquae
3380 3535 3590 3593 ‚vero
3663 3505 3812 3590 Of.

418 3618 727 3711 fleiales
778 3649 959 3738 post
1019 3648 1393 3710 exactum
1448 3656 1491 3707 a
1542 3620 2042 3735 professione
2094 3625 2565 3730 biennium,
2628 3629 3000 3711 omnium
3057 3624 3542 3710 officiorum·
3578 3656 3857 3742 capa--

424 3778 558 3831 ces
629 3736 850 3830 sunt.
938 3744 1124 3828 VII.
1206 3743 1451 3829 Nulla
1518 3744 2023 3851 Abbatissa,
2097 3746 2229 3831 vel
2295 3744 2701 3831 Officiatis
2766 3748 2974 3832 ultra
3029 3748 3477 3832 triennium
3531 3748 3618 3830 in
3686 3762 3855 3832 ea·'·

421 3865 613 3952 dem
667 3866 1138 3977 Dignitate,‘
1175 3866 1309 3953 vel
1370 3861 1679 3950 Officio
1731 3897 2059 3952 manere
2123 3890 2416 3980 potest,
2471 3890 2615 3953 aut
2664 3865 3162 3974 confirmari,
3219 3869 3374 3973 nisi
3426 3901 3468 3951 a
3520 3866 3816 3979 Digni-

418 4008 639 4091 tate,
692 3988 831 4069 vel
882 3983 1191 4071 Officio
1245 4016 1391 4099 per
1442 3990 1849 4097 integrum
1906 3991 2356 4073 triennium
2422 3991 2833 4074 vacaverit
2882 4051 2905 4094 ,
2977 3990 3128 4072 nisi
3195 3989 3631 4073 necessitas
3709 3990 3814 4075 ad

417 4102 865 4217 petendam
925 4102 1616 4215 dispensationem
1671 4141 1715 4191 a
1769 4106 1984 4193 Rffio
2032 4108 2401 4193 Domino
2453 4108 2920 4193 Patriarcha
2970 4110 3354 4219 coegerit.
3376 4107 3811 4225 Nullaque

419 4224 811 4308 Monialis
862 4219 1304 4307 succedere
1353 4229 1651 4338 poterit
1685 4229 1772 4310 in
1814 4226 2108 4312 eodem
2159 4225 2468 4314 Officio
2516 4228 2745 4313 alteri
2806 4228 3075 4314 Sorori
3129 4258 3624 4339 germanae3
3678 4262 3815 4317 ne·

429 4377 595 4463 que
649 4347 729 4428 in
786 4342 1334 4428 electionibus
1399 4341 1896 4431 Officiorum
1953 4371 2271 4460 praeter
2317 4347 2522 4434 duas
2580 4350 2912 4434 Sorores
2968 4352 3201 4435 tertia
3242 4411 3267 4454 ,
3344 4348 3472 4435 vel
3526 4375 3817 4466 quarta
3876 4418 3885 4432 .

424 4463 914 4575 suffragium
968 4462 1290 4549 habere·
1325 4487 1614 4579 potest.
1681 4464 1915 4550 Vm.
1971 4468 2376 4554 Moniales
2427 4500 2711 4555 omnes
2762 4473 3012 4557 vitam
3068 4472 3598 4555 communem
3650 4504 3815 4557 ser·
3934 4494 3945 4499 '

421 4609 650 4691 vent,
720 4588 951 4668 omni
999 4587 1204 4668 vitio
1263 4588 1773 4699 proprietatis
1825 4590 2210 4701 poenitus
2258 4589 2560 4674 ablato.
2615 4588 2879 4675 Curet
2918 4589 3284 4705 proinde
3339 4590 3816 4695 Abbatissa,

421 4731 513 4791 ut
567 4705 959 4791 omnibus
1010 4702 1117 4789 de
1170 4709 1624 4791 necessario
1675 4710 1960 4812 victu,
2012 4712 2353 4815 vestitu,
2422 4713 2878 4830 ceterisque
2949 4712 3456 4828 aequaliter,
3510 4720 3592 4799 et
3642 4717 3820 4799 sine

428 4829 589 4911 ulla
673 4824 1206 4912 distinctione
1259 4826 1816 4941 provideatur.
1886 4828 2035 4912 IX.
2097 4828 2400 4936 Quoad
2454 4830 2938 4917 Orationem
2992 4833 3396 4937 vocalem,
3445 4856 3530 4919 et
3582 4865 3813 4918 men-

425 4946 719 5046 talem,
773 4968 856 5029 et
909 4946 1433 5032 Sacramenta
1488 4945 2049 5035 confessionis
2085 5013 2109 5055 ,
2163 4973 2248 5036 et
2302 4950 2971 5057 Communionis,
3022 4975 3107 5038 et
3154 4951 3819 5070 quoad'Missam

426 5061 922 5149 audiendam
964 5126 991 5167 ,
1061 5069 1457 5152 rationem
1518 5067 1991 5155 reddendae
2041 5074 2594 5157 conscientiae
2620 5136 2649 5175 ,
2701 5074 3167 5180 silentium,
3220 5075 3661 5160 lectionem
3715 5074 3822 5161 ad

429 5180 854 5288 mensam,
910 5207 992 5267 et
1044 5209 1352 5271 ceteras
1432 5187 2064 5298 Regttlas3'sive
2115 5189 2773 5299 Constitutiones
2851 5197 3126 5278 omnia
3178 5194 3726 5281 observentur
3774 5230 3823 5281 a

424 5303 928 5389 Monialibus
965 5368 994 5407 ,
1063 5336 1276 5423 quae
1351 5307 1784 5394 Monachis
1857 5314 2346 5425 praescripta
2427 5336 2641 5397 sunt.
2702 5312 3036 5400 Debent
3098 5315 3319 5398 enim
3385 5318 3471 5399 in
3540 5313 3827 5403 Choro

426 5424 942 5538 temporibus
993 5431 1158 5511 suis
1209 5426 1446 5525 horas
1495 5428 1957 5518 Canonicas
2011 5455 2376 5536 cantare,
2437 5434 2900 5538 Abbatissa,
2953 5464 3099 5519 seu
3150 5433 3475 5521 Vicaria
3530 5441 3827 5551 praesi-

429 5545 714 5631 dente.
786 5544 1163 5631 Orationi
1221 5551 1556 5635 mentali
1599 5582 1745 5665 per
1807 5550 2208 5638 semihora
2263 5558 2349 5639 in
2402 5550 2540 5640 die
2592 5586 2902 5641 vacare.
2944 5554 3287 5640 Peccata
3338 5588 3487 5642 sua
3543 5560 3829 5645 Sacer-

427 5663 600 5750 doti
658 5663 1096 5872 ἰὲεεῇςοῗὲο
1144 5672 1395 5776 semel
1447 5675 1738 5792 quavis
1786 5671 2308 5761 hebdomada
2380 5673 2787 5881 conti-iperi.
2853 5674 3472 5763 Eucharistiam
3523 5677 3831 5777 diebus

752 5818 912 5871 om.
1043 5852 1060 5871 .
2652 5830 2711 5884 u
