4834 6409
417 648 606 704 cum
687 640 1014 702 teneat:
1086 616 1200 701 Et
1284 648 1429 733 per
1480 643 1844 699 mensem
1914 608 2709 722 integrum'Corona
2740 673 2770 713 ,
2834 632 2915 694 et
2983 605 3344 696 Cucullo
3395 603 3793 718 privetur,

415 741 480 819 si
534 737 937 822 Habitum
1020 736 1509 846 dimisisset3
1575 766 1806 820 secus
1857 796 1879 836 ,
1935 736 1998 817 si
2064 764 2256 818 eum
2312 735 2804 815 retinuisset.
2877 731 2959 815 Si
3027 762 3224 818 vero
3282 729 3613 828 Laicus,
3652 746 3799 808 aut

415 855 791 943 Clericus
864 861 944 941 in
1006 860 1462 943 minoribus
1513 853 1979 939 Ordinibus
2032 855 2523 938 constitutus
2574 842 3052 963 esset,'per
3115 849 3791 969 quinquennium

413 980 901 1066 novissimus
972 977 1291 1085 sedeat,
1344 1001 1426 1063 et
1488 1007 1689 1062 voce
1743 977 2006 1062 activa
2060 1037 2082 1079 ,
2165 998 2246 1057 et
2306 977 2617 1086 passiva
2672 976 3043 1084 privetur
3093 1034 3116 1078 ,
3183 1001 3497 1089 perque
3562 995 3801 1049 men-

415 1130 586 1184 sem
673 1097 1060 1207 Cucullo'
1112 1103 1530 1210 pri-vetur,
1595 1099 1656 1180 si
1735 1096 2140 1180 Habitum
2207 1091 2666 1178 dimisisset.
2755 1089 3196 1201 Secunde,
3267 1118 3441 1206 per,
3487 1088 3803 1201 aliquot

415 1223 872 1313 menses‘in
953 1220 1242 1305 cellam
1303 1215 1779 1303 includatur
1825 1280 1849 1321 ,
1905 1239 1988 1302 et
2023 1219 2340 1329 jejunet
2395 1220 2476 1301 in
2536 1244 2778 1326 pane,—
2854 1237 2935 1301 et
2986 1237 3231 1328 aqua-
3282 1213 3593 1312 TertiO,
3652 1238 3801 1319 per

415 1376 668 1431 unam
723 1337 1392 1441 Hebdomadam,
1454 1360 1892 1454 postquam
1943 1366 1988 1420 e
2042 1336 2244 1449 cella
2300 1365 2697 1444 egressus,
2749 1358 2828 1419 et
2892 1330 2996 1419 ad
3045 1335 3548 1418 consortium
3605 1326 3800 1413 Fra-

415 1489 634 1550 trum
707 1453 1105 1543 admissus
1170 1457 1443 1562 fuerit,
1486 1480 2084 1577 sequestratum
2155 1452 2788 1555 locumphabeat
2836 1458 2918 1538 in
2976 1452 3517 1557 Ecclesia,.in
3570 1446 3793 1532 Cho-

416 1616 536 1688 r0,
589 1606 672 1667 et
721 1582 802 1662 in
871 1578 1178 1665 Mensa.
1236 1579 1342 1661 ΙΙ.
1400 1579 1484 1662 Si
1551 1576 1945 1681 secundO,
1993 1578 2130 1660 vel
2197 1579 2439 1662 tertio
2491 1575 3107 1686 apostataverit,
3142 1602 3453 1689 poenae
3518 1574 3800 1683 supra-

417 1704 732 1817 positae
805 1703 875 1783 ei
941 1700 1764 1813 multiplicentur'ex
1816 1698 2159 1782 consilio
2224 1697 2559 1780 Patrum
2629 1698 3066 1779 seniorum.
3124 1689 3381 1801 Quod
3458 1692 3522 1773 si
3611 1722 3804 1775 cum

418 1819 837 1924 scandale,
894 1818 1177 1903 relicto
1240 1817 1616 1926 Ordine,
1672 1817 2103 1902 inhoneste
2155 1817 2502 1918 vixerit,
2568 1837 2708 1897 aut
2757 1811 3071 1898 diutius
3120 1838 3342 1899 extra
3397 1806 3802 1896 Ordinem

416 1941 959 2057 permanserit
992 1999 1016 2042 ,
1070 1969 1334 2051 poena
1385 1940 1501 2023 illi
1558 1961 1950 2049 augeatur
1997 1943 2222 2052 juxta
2274 1934 2752 2052 qualitatem
2812 1932 3208 2036 scandali,
3262 1929 3805 2033 delictorum,

418 2085 503 2147 et
550 2056 1533 2147 moraediuturnitatem:
1601 2059 1733 2143 De
1783 2088 1952 2175 quo
2000 2087 2199 2143 vero
2253 2086 2418 2139 non
2476 2076 2859 2155 constat,
2922 2051 3152 2170 quod
3204 2051 3607 2136 Habitum
3683 2049 3806 2135 di-

426 2182 735 2266 miserit
782 2240 807 2283 ,
887 2199 1031 2262 aut
1080 2209 1178 2263 ex
1258 2176 1580 2278 Ordine
1649 2176 2007 2286 sugerit,
2073 2173 2218 2261 sed
2299 2197 2624 2260 tautum
2696 2204 2947 2283 vagus
3023 2176 3298 2278 intra,
3378 2171 3511 2257 vel
3581 2194 3802 2258 extra

419 2300 972 2403 Provinciam,
1037 2321 1462 2410 praetextu
1510 2295 1871 2385 adeundi
1952 2298 2472 2408 Superiorem
2510 2354 2534 2398 ,
2587 2294 2673 2378 in
2725 2293 3045 2379 Habitu
3131 2293 3698 2398 circumierit,
3747 2297 3811 2378 is

425 2451 726 2533 poenas
777 2420 1167 2528 gravioris
1216 2421 1507 2533 culpae
1554 2421 1950 2503 sustineat
2013 2420 2237 2522 iuxta
2321 2443 2637 2498 moram
2718 2414 3171 2523 vagationis
3221 2474 3247 2517 ,
3312 2431 3396 2498 et
3459 2412 3810 2529 qualita-

422 2564 591 2625 tem
644 2537 1197 2649 delictorum,
1262 2542 1369 2626 ita
1420 2562 1728 2637 tamen,
1781 2558 1876 2621 ut
1928 2538 2319 2650 Superior
2384 2529 2838 2646 prudenter
2890 2534 3371 2647 prospiciat,
3438 2529 3645 2648 quid
3702 2556 3816 2618 at-

423 2682 649 2746 tento
700 2660 1101 2773 praesenti
1181 2681 1410 2763 statu,
1460 2657 1958 2771 poenitentis
2012 2658 2094 2738 in
2172 2653 2541 2740 Domino
2606 2650 2988 2766 expediat
3027 2716 3050 2758 ,
3116 2649 3494 2751 adhibito
3563 2655 3810 2736 etiam

421 2782 846 2863 seniorum
895 2778 1234 2860 Patrum
1300 2777 1703 2881 consilio,
1771 2808 1877 2860 ne
1925 2772 2289 2860 remedia
2343 2838 2368 2881 ,
2434 2802 2647 2889 quae
2712 2776 2795 2858 in
2859 2773 3211 2858 salutem
3290 2769 3812 2857 infirmorum

428 2897 810 2994 Eratrum
850 2898 1295 3006 excogitata
1335 2906 1554 3002 sunt‘,
1588 2905 1672 2982 in
1712 2926 1994 2985 eorum
2050 2893 2373 2981 ruinam
2404 2914 2487 2978 et
2535 2894 2876 2977 exitium
2913 2914 3363 2981 ver-tantur.
3401 2892 3556 2975 11-1.
3581 2895 3804 3006 Apo-

425 3039 629 3102 stata
681 3014 786 3100 ab
839 3010 1162 3103 Ordine
1213 3016 1728 3124 Monastico,
1779 3017 1911 3102 ve'l
1964 3011 2362 3125 fugitivus
2411 3075 2437 3119 ,
2502 3014 2674 3098 sive
2721 3012 3190 3098 Monachus
3258 3008 3513 3123 suerit
3550 3074 3573 3118 ,
3642 3015 3814 3097 sive

428 3137 766 3241 Abbas,
834 3168 876 3219 a
931 3136 1164 3221 nullo
1214 3138 1525 3221 absolvi
1582 3161 1875 3249 potest,
1927 3165 2080 3219 nee
2129 3136 2212 3217 in
2268 3134 2869 3220 Monasterium
2922 3134 3205 3244 recipi,
3236 3156 3811 3249 praeterquam

431 3258 537 3341 ab
587 3254 917 3340 Abbate
973 3252 1420 3342 Generali:
1482 3254 1616 3340 Ad
1666 3287 1913 3377 quem
1970 3250 2316 3367 proinde
2368 3248 2914 3338 remittendus
2967 3255 3120 3337 erit
3174 3251 3417 3358 Reus,
3456 3254 3586 3339 vel
3642 3253 3809 3341 sal-

293 3460 306 3466 -
433 3400 602 3460 tem
655 3371 1209 3461 scribendum.
1271 3375 1492 3461 Cum
1545 3404 1819 3463 autem
1873 3374 2155 3458 Abbas
2204 3370 2634 3457 Generalis
2682 3371 3157 3458 facultatem
3213 3404 3439 3459 suam
3497 3373 3837 3459 Abbati-

427 3496 908 3581 Monasterii
979 3498 1478 3581 commiserit
1525 3560 1555 3599 ,
1624 3520 1825 3583 tunc
1888 3516 2334 3578 convocata
2405 3491 3011 3578 Monachorum
3082 3490 3740 3603 congregatione
3791 3551 3816 3594 ,

431 3615 913 3724 genuflexus
965 3645 1186 3723 reus,
1247 3616 1674 3702 humiliter
1739 3617 2064 3728 culpam
2116 3644 2345 3697 suam
2412 3609 2685 3697 dicat:
2744 3636 2829 3697 et
2877 3612 3165 3698 Abbas
3218 3615 3538 3705 intonat
3592 3611 3812 3697 Psal-

431 3765 663 3819 mum
722 3732 872 3818 LI..
930 3736 1348 3820 Miserere
1397 3739 1569 3819 mei
1626 3741 1889 3840 Deus,
1955 3764 2202 3850 quem
2263 3732 2585 3815 Fratres
2647 3733 3110 3820 alternatim
3163 3755 3804 3848 prosequuntur.

430 3857 852 3973 Dictoque
909 3853 1211 3940 Gloria
1264 3858 1563 3961 Patri,
1632 3856 1915 3942 Abbas
1965 3854 2203 3937 illum
2277 3850 2658 3960 absolvit,
2725 3849 3058 3938 dicens:
3115 3853 3354 3938 Deus
3410 3859 3806 3938 miserea-

432 3996 575 4060 tur
620 3980 754 4056 tui
784 4036 815 4075 ,
888 3992 969 4055 et
1018 3974 1395 4060 dimittat
1467 3975 1751 4061 debita
1827 3994 1997 4059 tua.
2066 3972 2180 4059 Et
2255 4002 2404 4090 ego
2472 3976 2975 4056 auctoritate
3040 3974 3301 4083 ipsius
3341 4036 3365 4079 ,
3416 3990 3500 4055 et
3562 3972 3811 4056 Reve-

432 4091 924 4178 rendissimi
988 4095 1277 4178 Patris
1343 4099 1613 4179 nostri
1689 4098 1809 4186 N.
1863 4094 2222 4181 Abbatis
2308 4091 2796 4198 Generalis,
2847 4091 3178 4177 absolvo
3227 4111 3305 4174 te
3368 4124 3424 4174 a
3486 4089 3817 4177 vinculo

433 4215 1335 4299 excommunicationis
1371 4278 1403 4317 ,
1454 4219 1543 4296 in
1593 4243 1856 4331 quam
1909 4231 2250 4328 propter
2296 4209 2839 4322 Apostasiam
2878 4274 2903 4317 ,
2957 4211 3088 4295 vel
3105 4210 3431 4329 fiegam
3481 4242 3596 4294 cx
3656 4213 3817 4295 Or-

435 4334 632 4418 dine
681 4336 1122 4416 incurristi
1156 4396 1181 4436 ,
1244 4351 1327 4419 et
1373 4339 1718 4417 restituo
1768 4353 1856 4447 te·
1931 4333 2527 4418 Communioni
2575 4395 2600 4437 ,
2677 4350 2758 4415 et
2811 4336 3107 4414 unioni
3158 4334 3242 4416 F
3237 4331 3589 4415 idelium
3639 4393 3662 4435 ,
3740 4348 3821 4413 et

424 4455 1069 4569 participationi
1115 4454 1619 4538 Sanctorum
1669 4452 2099 4539 Ecclesiae
2150 4454 2916 4538 Sacramentorum.
2984 4452 3111 4537 In·
3141 4457 3476 4536 nomine
3528 4450 3819 4536 Patris
3866 4520 3877 4527 .

436 4592 543 4695 ᾖ(
578 4590 658 4656 et
710 4571 930 4656 Filii
961 4586 1065 4691 ᾖ(
1113 4592 1194 4656 et
1255 4573 1619 4687 Spiritus
1669 4572 1774 4676 ἦ(
1808 4575 2127 4658 Sancti.
2191 4570 2499 4657 Amen.
2568 4569 2728 4657 Sed
2788 4575 2852 4654 si
2908 4568 3157 4657 suerit
3214 4569 3818 4657 Abbas'Gene·

438 4697 626 4781 ralis
659 4754 684 4797 ,
752 4687 997 4777 dicat.
1049 4694 1286 4778 Deus
1339 4699 1837 4779 misereatur
1895 4697 2072 4799 tui,¹
2101 4712 2182 4777 et
2229 4689 2414 4808 Ego
2480 4696 2987 4776 auctoritate
3041 4695 3306 4802 ipsius
3358 4689 3688 4776 absolvo
3740 4709 3820 4773 te

441 4834 592 4899 etc.
659 4811 905 4898 Tunc
971 4814 1353 4927 injungat
1423 4816 1496 4901 ei
1568 4817 2156 4926 poenitentiam
2210 4875 2234 4918 ,
2313 4834 2406 4895 ut
2469 4826 2739 4926 supra.
2803 4810 2951 4895 IV.
3020 4812 3388 4927 Tempus
3477 4814 3827 4926 Aposta-

433 4938 626 5040 siae,
676 4931 814 5016 vel
865 4927 1108 5042 fugae
1160 4965 1325 5019 non
1402 4956 1942 5048 computatur·
1977 4931 2393 5018 Monacho
2459 4935 2676 5017 inter
2739 4963 2997 5017 annos
3064 4931 3637 5017 Monachatus.
3713 4929 3813 5016 V.
3884 4932 3893 4939 “

444 5055 683 5143 Idem
734 5047 1185 5138 dicendum
1238 5051 1344 5138 de
1393 5057 1817 5166 Apostasia
1872 5087 1918 5140 a
1970 5049 2177 5139 Fide
2225 5051 2744 5156 Christiana,
2795 5053 2931 5138 vel
2983 5049 3412 5137 Catholica
3469 5046 3572 5136 ad
3624 5049 3815 5139 hae-

441 5180 739 5277 resim,
805 5168 1183 5278 schisma,
1239 5195 1384 5259 aut
1434 5170 1916 5262 Infidelium
1976 5196 2278 5259 sectam
2319 5236 2344 5279 ,
2399 5169 2625 5290 quod
2679 5164 2995 5258 dictum
3053 5195 3174 5257 est
3224 5169 3329 5258 de
3394 5175 3826 5287 Apostasia

444 5332 483 5381 a
551 5289 1052 5409 professione
1125 5294 1641 5384 Monastica:
1711 5293 1817 5383 ab
1883 5325 1982 5382 eo
2060 5317 2334 5381 tamen
2409 5324 2604 5381 casu
2678 5292 2990 5395 absolvi
3066 5297 3358 5411 nequit
3392 5357 3421 5397 ,
3498 5294 3653 5378 nisi
3721 5293 3827 5378 ab

445 5413 891 5503 Ordinario
944 5434 1491 5530 competente.
