4834 6409
1060 459 1233 575 ³92
2145 516 2156 523 ·
3536 564 3547 575 .
4052 559 4065 569 .

1060 580 1524 689 audiantur,
1553 603 2114 697 accusatores,
2168 578 2501 670 deinde«
2545 580 2821 667 Reus:
2892 586 3045 668 nisi
3103 610 3227 669 res
3288 582 3865 670 notoria-esset
3901 645 3926 685 ,
3996 580 4167 667 Reo
4221 577 4448 666 foras

1057 700 1458 808 dimisse,
1526 704 2580 816 primus.Hegumenorum
2642 732 2836 790 cum
2907 708 3372 821 antiquiore
3442 703 3975 808 ·Ahbate,'et
4058 703 4251 787 cum
4309 702 4458 786 Se·

1065 826 1411 909 cretario
1474 820 1579 908 ad
1629 823 1845 909 hanc
1909 854 2237 909 causam
2307 824 2600 928 electe,
2656 820 2760 913 de
2829 840 3002 909 toto
3062 826 3407 935 -negotio
3457 824 3958 908 scrutinium
4010 817 4282 907 faciet.
4334 821 4455 905 Et

1060 946 1330 1057 primo
1380 966 1848 1059 quaeratur,
1904 975 2006 1028 an
2069 966 2332 1029 costet
2382 941 2488 1030 de
2537 969 2905 1057 peccate,
2961 943 3189 1064 quod
3244 944 3661 1037 obiicitur.
3701 938 4087 1029 Secundo
4143 972 4247 1026 an
4300 939 4458 1025 lrn⁶

1059 1061 1421 1180 jusmodi
1483 1067 1643 1165 sit,
1710 1089 1802 1148 ut
1877 1087 2210 1178 propter
2264 1062 2475 1148 illud
2531 1063 2635 1147 ab
2711 1063 2993 1152 officio
3062 1063 3518 1179 suspendi,
3573 1087 3715 1147 aut
3762 1061 4075 1178 deponi
4126 1060 4449 1148 debeat.

1062 1185 1179 1269 Et
1244 1182 1463 1269 idem
1519 1182 1903 1305 suffragia
1956 1184 2451 1300 promulget,
2506 1215 2717 1302 quae
2773 1208 2867 1269 ut
2929 1182 3374 1290 sufficiant,
3416 1182 3620 1271 duas
3656 1187 3931 1269 tertias
3974 1206 4247 1297 ‚partes
4295 1213 4442 1268 ex-

1061 1302 1384 1390 cedent.
1456 1306 1570 1388 Et
1615 1329 1820 1389 'tunc
1871 1309 2142 1390 statim
2217 1302 2322 1390 de
2373 1307 2533 1389 alio
2586 1303 3328 1419 eligendo‘'agatur.
3364 1305 3501 1387 Et
3579 1307 3644 1388 si
3708 1302 3885 1389 fieri
3926 1325 4223 1416 potest,
4276 1333 4449 1388 non

1058 1427 1290 1537 prius
1343 1421 1541 1509 inde
1604 1422 2187 1534 egrediantur,
2252 1454 2503 1541 quam
2573 1429 3064 1513 electionem
3138 1425 3658 1541 perfecerint.
3743 1424 3838 1508 ln
3923 1454 4086 1542 qua
4145 1453 4230 1509 re
4280 1420 4456 1507 duo

1063 1542 1796 1629 animadvertenda
1876 1568 2093 1630 sunt.
2153 1546 2525 1630 Primum
2580 1609 2603 1650 ,
2660 1568 2768 1630 'ut
2838 1552 2902 1629 si
2968 1544 3340 1630 defectus
3393 1541 3494 1629 ad
3550 1547 4179 1657 suspensionem
4231 1607 4255 1652 ,
4308 1565 4452 1628 aut

1059 1660 1664 1777 depositionem
1728 1662 2231 1750 sufficientes
2289 1698 2449 1751 non
2509 1662 3357 1784 deprehenderentur,
3415 1665 3592 1748 aliis
3642 1663 3749 1749 de
3799 1662 4047 1748 rebus
4117 1687 4449 1773 agatur,

963 1834 973 1845 ·
1065 1808 1400 1897 propter
1448 1817 1648 1902 quas
1734 1807 2176 1870 convocata
2268 1784 2818 1899 Congregatio
2900 1782 3334 1891 videatur,
3404 1808 3486 1869 et
3552 1782 3778 1899 quod
3859 1780 3965 1866 ad
4033 1782 4452 1869 Abbatem

1069 1901 1560 1988 Generalern
1617 1908 1964 2007 attinet,
2018 1903 2625 2012 dissimuletur,
2679 1911 2847 1991 imo
2900 1936 3092 1990 vero
3144 1905 3378 1988 nullo
3426 1925 3795 2017 tempore
3848 1899 4255 2014 divulgari
4307 1902 4448 1989 de-

1057 2021 1230 2107 bet.
1283 2024 1397 2107 Et
1445 2026 1561 2108 sic
1609 2056 1800 2110 cum
1868 2026 2237 2110 Abbates
2301 2051 2869 2113 convocantur
2918 2087 2943 2130 ,
3008 2022 3603 2137 praemonendi
3670 2044 3865 2107 sunt
3933 2022 4041 2108 de
4107 2046 4445 2109 secretO.

1064 2141 1546 2228 Secundum
1580 2207 1602 2250 ,
1669 2147 1735 2227 si
1790 2149 2332 2231 constitutum
2384 2143 2637 2232 suerit
2687 2146 2922 2230 illum
2978 2144 3083 2227 ab
3138 2141 3447 2229 Officio
3508 2140 4041 2258 suspendere,
4113 2165 4255 2236 aut
4305 2142 4452 2230 de-

1066 2294 1373 2375 ponere
1427 2329 1450 2365 ,
1513 2286 1718 2348 tnnc
1788 2269 2035 2351 etiam
2116 2298 2308 2352 cum
2381 2263 2674 2353 eodem
2762 2265 3087 2349 Abbate
3165 2263 3553 2349 Generali
3638 2285 3952 2349 secreto
4031 2260 4453 2373 agendum

1064 2407 1245 2490 est,
1318 2407 1407 2467 ut
1457 2387 1805 2500 ipsemet
1854 2417 1937 2471 se
1991 2383 2299 2471 Officio
2350 2384 2682 2472 abdicet
2717 2440 2763 2491 ,-
2810 2409 2906 2469 ut
2957 2414 3147 2468 cum
3220 2382 3379 2468 hoc
3457 2384 4072 2496 promulgatum
4123 2381 4373 2469 fuerit
4425 2447 4448 2491 ,

1064 2527 1558 2616 peccatum,
1613 2528 1694 2591 et
1774 2501 2058 2589 Officii
2130 2530 2462 2620 propter
2541 2530 2971 2620 peccatum
3043 2507 3395 2617 privatio
3470 2504 3959 2589 occultetur.
4030 2504 4114 2587 Si
4169 2516 4451 2589 autem

1065 2622 1435 2709 defectus
1504 2656 1671 2710 non
1753 2623 2003 2711 suerit
2053 2620 2539 2742 ejusmodi,
2605 2650 2702 2710 ut
2752 2621 3208 2740 privandus
3261 2620 3574 2707 Officio
3636 2653 3785 2707 suo
3854 2652 4021 2709 non
4078 2626 4177 2706 sit
4216 2687 4240 2730 ,
4306 2621 4452 2710 sed

1061 2767 1387 2828 tantum
1443 2743 1974 2855 corrigendus
2059 2744 2534 2854 videretur3
2601 2751 2980 2862 quinque
3033 2744 3498 2853 eligentur,
3566 2742 3871 2861 quibus
3924 2775 4116 2828 cura
4170 2745 4454 2856 injun-

1058 2887 1296 2974 gatur
1348 2860 1979 2971 considerandi,
2035 2896 2249 2983 quae
2321 2869 2722 2951 correctio
2775 2870 2851 2950 ei
2903 2866 3365 2949 conveniat.
3422 2863 3537 2946 Et
3600 2866 3770 2977 ipse
3858 2866 4203 2948 omnino
4252 2864 4452 2949 obe-

1063 2981 1243 3069 dire
1296 2983 1934 3094 Congregationi
1990 2985 2379 3070 Generali
2456 3007 2858 3070 teneatur.
2926 2982 3121 3066 VII.
3215 2980 3648 3082 Crimina,
3709 2982 3817 3066 ob
3887 3013 4099 3098 quae
4162 2983 4451 3072 Abba‘s

1063 3101 1494 3187 Generalis
1564 3102 1980 3217 suspendi,
2037 3108 2166 3191 vel
2217 3104 2521 3215 deponi
2579 3105 2683 3188 ab
2738 3100 3047 3187 Officio
3099 3124 3425 3213 potest,
3490 3124 3684 3185 sunt
3735 3100 3967 3187 haec.
4042 3104 4124 3186 Si
4166 3098 4449 3188 haere-

1063 3222 1273 3305 ticus
1343 3221 1592 3306 fuerit
1630 3284 1653 3327 ,
1721 3250 1864 3308 aut
1927 3224 2494 3310 schismaticus
2543 3288 2572 3328 ,
2650 3247 2791 3309 aut
2848 3256 2888 3307 a
2946 3220 3251 3305 Christi
3314 3218 3522 3305 Fide
3574 3218 3681 3304 ad
3755 3244 4057 3307 sectam
4147 3220 4454 3337 Infide-

1064 3339 1269 3423 lium
1322 3339 1735 3426 defecerit.
1808 3344 1891 3426 Si
1952 3344 2056 3427 ab
2109 3342 2431 3432 Ordine
2486 3365 2763 3430 nostro
2817 3343 3413 3455 apostataverit.
3484 3342 3569 3423 Si
3635 3344 3990 3451 graviter
4039 3342 4445 3448 Fratrem,

1063 3460 1196 3545 vel
1252 3478 1728 3545 extraneum
1808 3467 2355 3574 percusserit,
2435 3490 2578 3550 aut
2641 3458 3189 3548 homicidium
3265 3463 3785 3544 commiserit.
3858 3463 3943 3545 Si
4015 3461 4450 3547 Fabricam

1063 3582 1342 3689 magni
1408 3583 1809 3669 momenti
1860 3588 2418 3697 praeceperit,
2503 3609 2645 3672 aut
2709 3583 2924 3667 bona
2977 3579 3426 3690 Religionis
3504 3570 4231 3688 alienaverit„aut
4308 3614 4454 3667 no·

1065 3728 1264 3783 vum
1321 3699 1912 3786 Monasterium
1969 3707 2430 3814 acceperit,
2485 3706 2621 3789 vel
2673 3698 3149 3786 fundaverit
3184 3763 3213 3803 ,
3280 3724 3424 3785 aut
3469 3723 3710 3786 vetus
3758 3696 4276 3808 deseruerit,
4329 3706 4450 3787 in·

1063 3820 1438 3903 consulta
1521 3818 2180 3933 Congregatione
2257 3823 2966 3934 Hegumenorum.
3042 3822 3127 3903 Si
3166 3818 3609 3905 Novitium
3684 3846 3963 3906 contra
4030 3821 4455 3907 Constitu-

1067 3942 1428 4024 tutiones
1479 3936 1825 4024 Ordinis
1914 3944 2312 4056 receperit
2393 3944 2834 4030 habentem
2915 3936 3561 4053 impedimenta,
3629 3973 3673 4025 a
3727 3942 4033 4055 quibus
4095 3943 4266 4055 ipse
4318 3940 4442 4026 di·

1065 4056 1502 4172 spensandi
1558 4090 1721 4143 non
1778 4057 2030 4147 habet
2079 4059 2580 4148 facultatem.
2627 4066 2711 4147 Si
2763 4058 3143 4169 Sigillum
3199 4056 3758 4144 Confessionis
3808 4059 4163 4172 fregerit.
4218 4065 4300 4144 Si
4357 4063 4450 4145 li-

1063 4200 1275 4262 teras
1325 4175 1428 4263 ad
1495 4177 2239 4289 Congregationem
2296 4181 2819 4284 Generalem,
2873 4180 3006 4263 vel
3063 4177 3740 4290 Hegumenorum
3798 4179 4148 4267 directas
4200 4184 4447 4269 inter·-

1064 4299 1400 4410 ceperit,
1456 4321 1538 4393 et
1603 4300 2193 4405 occultaverit,
2261 4325 2402 4386 aut
2475 4303 2939 4417 aperuerit,
3017 4299 3490 4416 legeritque.
3549 4296 3633 4380 Si
3690 4299 4217 4407 veneficium,
4283 4335 4450 4389 sor-

1065 4418 1435 4528 tilegium
1489 4481 1514 4522 ,
1575 4429 1662 4503 'et
1730 4418 1933 4535 quid
2001 4421 2267 4504 simile
2332 4423 2811 4507 exercuerit.
2881 4418 2965 4501 Si
3031 4442 3462 4530 peccatum
3533 4424 3798 4504 carnis
3860 4418 4298 4508 admiserit.
4363 4424 4449 4507 Si

1061 4564 1405 4621 munera
1459 4569 1501 4621 a
1556 4537 1843 4622 Fratre
1906 4541 2369 4651 acceperit,
2440 4565 2532 4625 ut
2584 4544 2654 4626 ei
2729 4534 3126 4622 Officium
3188 4534 3525 4654 aliquod
3594 4535 3849 4624 daret.
3921 4544 4002 4627 Si
4085 4547 4450 4628 muneri-

1061 4654 1248 4758 bus,
1315 4653 1537 4761 dolo,
1589 4658 1700 4760 vi,
1766 4654 1908 4741 aut
1970 4682 2139 4742 arte
2211 4660 2587 4776 qualibet
2639 4655 3039 4743 Officium
3093 4657 3248 4741 sibi
3306 4654 3510 4770 ipsi,
3566 4683 3705 4743 aut
3760 4663 3936 4745 aliis
3989 4660 4223 4765 dari,
4307 4685 4449 4749 aut

1062 4772 1527 4859 confirmari
1603 4783 2181 4889 procuraverit.
2256 4780 2336 4861 Si
2397 4779 3099 4879 machinationes,
3165 4799 3249 4861 et
3299 4776 3730 4863 schismata
3788 4779 3888 4864 ad
3958 4780 4448 4869 destructio·

1064 4924 1285 4993 nem,
1347 4894 1484 4980 vel
1535 4892 2022 4981 divisionem
2076 4895 2419 4980 Ordinis
2470 4896 2779 4982 fecerit.
2851 4898 2932 4981 Si
2987 4926 3029 4977 a
3084 4900 3483 4980 sententia
3545 4899 4223 5011 Congrega‘tionis
4277 4904 4440 4989 Ge-

1057 5015 1398 5118 neralis,
1468 5037 1609 5099 aut
1660 5014 2340 5123 Hegumenorum
2420 5017 2521 5100 ad
2580 5014 2989 5101 Tribunal
3060 5017 3597 5101 saecularium
3635 5011 4182 5132 appellaverit
4219 5042 4251 5127 ,'
4306 5026 4442 5110 vel

1062 5130 1543 5247 confugerit.
1616 5136 1697 5218 Si
1751 5137 1927 5219 sine
1979 5136 2302 5219 licentia
2380 5134 2802 5220 Ordi‘narii
2892 5164 2981 5219 ea
3065 5132 3584 5222 Sacramenta
3679 5130 4368 5229 administraverit
4418 5208 4440 5249 ,

1059 5276 1274 5368 quae
1324 5284 1773 5365 expressam
1839 5254 2251 5340 licentiam
2322 5260 2778 5374 requirunt.
2850 5255 2934 5337 Si
3000 5282 3195 5338 vero
3259 5252 3589 5342 infirmo
3657 5290 3996 5374 corpore
4048 5324 4072 5365 ,
4153 5286 4236 5347 et
4298 5264 4440 5348 ad·
4536 5318 4539 5321 -

1056 5402 1287 5457 versa
1342 5372 1815 5458 valetudine
1870 5372 2176 5481 suerit,
2221 5377 2327 5459 ita
2398 5377 2938 5483 utregimine
2994 5403 3278 5458 vacare
3336 5406 3495 5458 non
3554 5383 3799 5490 possit
3847 5443 3870 5485 ,
3944 5398 4103 5466 non
4190 5381 4439 5470 debet

933 5510 940 5515 '
1062 5489 1419 5605 deponi,
1481 5491 1622 5579 sed
1678 5494 1749 5577 ei
1805 5527 1846 5577 a
1913 5493 2575 5605 Congregatione
2637 5493 3319 5606 Hegurnenorum
3396 5497 3770 5579 Vicarius
3818 5501 4434 5609 substituatur,

1055 5609 1324 5698 donec
1378 5615 1791 5699 commissi
1845 5617 2260 5725 regiminis
2334 5617 2779 5702 triennium
2850 5614 3383 5729 compleatur.
3450 5616 3683 5702 VlII.
3754 5622 3841 5706 Si
3913 5625 4099 5738 quis
4164 5620 4440 5734 Hegu-
