4834 6409
2104 487 2110 494 .
3542 416 3706 510 113
3751 495 3758 504 .

346 549 453 637 ab
496 541 838 633 homine
884 543 1176 665 quavis
1222 540 1654 634 occasione
1683 604 1716 648 ‚
1771 538 1910 631 ‘vel
1960 567 2199 628 causa
2249 536 2433 626 latis
2462 593 2489 648 9
2541 537 2608 630 si
2658 538 3020 660 quibus,
3067 532 3709 658 quomodolibet

342 664 794 755 innodatus
842 667 1113 751 existit
1147 728 1173 771 ,
1237 662 1344 750 ad
1391 659 1791 750 effectum
1834 663 2389 775 praesentium
2453 661 2878 749 literarum
2935 653 3501 775 consequendi
3566 656 3712 747 ha·

339 817 535 875 rum
583 790 794 873 serie
844 786 1358 871 absolventes
1386 845 1411 889 ,
1476 805 1561 870 et
1620 782 2092 870 absolutum
2169 777 2345 868 fore
2406 805 2834 869 censentes
2869 844 2896 890 ,
2935 777 3707 895 ⁸supplicationibus

341 911 528 1025 ejus
600 906 946 992 nomine
1027 904 1288 991 Nobis
1359 934 1605 1020 super
1681 901 1843 989 hoc
1905 900 2329 988 humiliter
2401 905 2800 1017 porrectis
2873 901 3299 1004 inclinati,
3367 895 3704 992 decreta

446 1027 844 1113 aeinserta
897 1029 1376 1112 auctoritate
1440 1023 1882 1138 apostolica
1945 1044 2231 1108 tenore
2294 1023 2852 1136 praesentium
2915 1017 3553 1127 confirmamus,
3609 1021 3706 1111 il-

337 1057 619 1264 iizque
667 1145 1151 1258 apostolicae
1200 1143 1604 1230 firmitatis
1655 1143 1911 1229 robur
1955 1139 2394 1255 adjicimus
2424 1205 2447 1248 ‚
2500 1138 3036 1230 decernentes
3095 1138 3423 1228 easdem
3473 1170 3706 1256 prae·

348 1288 625 1353 sentes
704 1264 971 1351 literas
1047 1263 1376 1370 firmas,
1463 1261 1777 1349 validas
1809 1325 1835 1369 ‚
1903 1285 1987 1347 et
2032 1258 2409 1348 efficaces
2457 1263 2858 1368 existere,
2935 1285 3021 1350 et
3066 1259 3292 1368 fore,
3344 1289 3701 1380 suosque

346 1385 759 1499 plenarios
804 1381 1213 1491 effectus,
1292 1408 1383 1470 et
1431 1387 1791 1494 integros
1866 1383 2197 1487 sortiri,
2285 1404 2368 1469 et
2449 1375 2881 1489 obtinere,
2947 1413 3044 1469 ac
3107 1381 3268 1465 illis
3318 1377 3426 1467 ad
3492 1411 3701 1499 quos

254 1530 268 1541 ·
339 1509 707 1619 spectat,
760 1527 845 1589 et
892 1533 1044 1618 pro
1098 1526 1476 1618 ternpore
1530 1500 2259 1619 quandocumque-2
2292 1502 2697 1617 spectabit
2755 1505 2841 1587 in
2910 1500 3297 1590 omnibus
3333 1563 3360 1606 ‚
3413 1523 3506 1587 et
3563 1531 3712 1616 per

338 1625 618 1707 omnia
668 1623 1143 1739 plenissime
1190 1620 1615 1733 suffragari
1656 1685 1681 1728 ‚
1745 1626 2027 1742 sicque
2074 1624 2159 1705 in
2212 1624 2672 1734 praemissis
2732 1653 2876 1736 per
2925 1651 3499 1741 quoscumque
3557 1624 3705 1735 ju-

337 1737 567 1827 dic’es
617 1739 1073 1828 ordinarios
1104 1805 1129 1848 ‚
1193 1767 1277 1829 et
1327 1742 1740 1852 delegatos
1789 1748 2035 1827 etiam
2114 1772 2543 1828 causarum
2596 1742 2883 1828 Palatii
2936 1741 3400 1856 Apostolici
3472 1737 3708 1826 audi·
3751 1817 3756 1824 .

341 1882 563 1949 tores
598 1922 624 1966 ‚
695 1861 1101 1977 judicari,
1172 1886 1256 1951 et
1318 1860 1645 1948 definiri
1703 1860 2011 1948 debere
2046 1921 2077 1968 ‚
2116 1893 2213 1947 ac
2260 1864 2584 1949 irritum
2615 1923 2641 1968 ‚
2693 1884 2788 1949 et·
2828 1866 3125 1968 inane,
3177 1864 3245 1947 si
3293 1891 3527 1950 secus
3572 1891 3708 1950 su·

340 2009 494 2097 per
552 1978 683 2066 his
731 2014 777 2065 a
840 2013 1265 2100 quoquam
1317 1985 1605 2100 quavis
1654 1983 2140 2068 auctoritate
2202 1986 2612 2085 scienter,
2661 1984 2800 2071 vel
2852 1987 3323 2097 ignoranter
3384 1985 3711 2068 contin·

344 2103 555 2212 gerit
630 2104 1039 2187 attentari.
1128 2100 1319 2188 Non
1402 2102 1921 2186 obstantibus
1999 2102 2731 2189 constitutionibus
2767 2165 2792 2209 ‚
2888 2128 2971 2192 et
3047 2100 3713 2189 ordinationibus

345 2219 812 2334 apostolicis
861 2245 947 2308 et
993 2245 1402 2338 quatenus
1453 2252 1659 2335 opus
1724 2224 1830 2306 sit
1893 2218 2092 2307 dicti
2168 2219 2487 2310 ordinis
2519 2287 2548 2330 ‚
2614 2227 2862 2310 etiam
2933 2227 3405 2338 juramento
3437 2287 3463 2330 ,
3513 2252 3716 2310 con·

341 2336 812 2426 firmatione
860 2344 1301 2454 apostolica
1336 2403 1361 2446 ‚
1397 2341 1551 2426 -vel
1602 2344 1892 2457 quavis
1942 2339 2329 2429 firmitate
2393 2344 2548 2430 alia
2635 2344 3032 2430 roboratis
3064 2406 3091 2454 ,
3162 2344 3539 2447 statutis,
3629 2366 3717 2432 et

344 2457 1145 2546 consuetudinibus:
1212 2461 1656 2575 privilegiis
1732 2490 2078 2580 quoque
2138 2458 2543 2568 indultis,
2579 2561 2584 2568 .
2621 2489 2711 2552 et
2770 2463 3023 2552 literis
3100 2462 3565 2580 apostolicis
3628 2465 3717 2549 in

345 2580 851 2667 eontrarium
902 2584 1529 2695 praemissorum
1581 2577 2214 2697 quomodolibet
2265 2588 2670 2671 concessis
2704 2649 2735 2689 ,
2797 2583 3307 2670 confirmatis
3339 2647 3366 2690 ‚
3439 2606 3524 2672 et
3587 2586 3715 2671 in·

342 2700 692 2787 novatis.
761 2698 1096 2809 Quibus
1148 2700 1537 2786 omnibus
1586 2724 1668 2788 et
1717 2698 2061 2809 singulis
2120 2699 2463 2786 illorum
2539 2726 2860 2791 tenores
2935 2705 3508 2818 praesentibus
3557 2709 3710 2817 pro

341 2818 592 2933 plene
625 2882 651 2925 ,
736 2844 826 2904 et
870 2817 1381 2910 sufficienter
1461 2821 1913 2934 expressis,
1976 2850 2073 2905 ac
2152 2816 2260 2906 de
2312 2822 2569 2908 verbo
2618 2820 2724 2908 ad
2775 2823 3128 2911 verbum
3199 2825 3521 2914 insertis
3569 2824 3711 2912 ha·

341 2937 639 3024 bentes
692 2938 853 3024 illis
903 2938 1097 3023 alias
1173 2942 1257 3024 in
1308 2970 1458 3024 suo
1509 2940 1804 3026 robore
1852 2945 2406 3052 permansuris
2458 2939 2566 3027 ad
2614 2946 3241 3059 praemissorum
3316 2942 3715 3034 effectum

345 3054 505 3143 bac
550 3057 736 3142 vice
774 3053 1211 3158 dumtaxat
1255 3058 1715 3172 specialiter
1763 3082 1847 3145 et
1879 3090 2250 3175 expresse
2298 3059 2787 3176 derogamus
2815 3127 2841 3172 ‚
2874 3068 3336 3196 ceterisque
3388 3087 3713 3154 contra-

346 3178 492 3276 riis
541 3174 1243 3296 quibuscumque.
2384 3255 2393 3264 .

462 3292 785 3381 Datum
838 3293 1148 3381 Romae
1197 3294 1419 3412 apud
1472 3297 1857 3384 Sanctam
1906 3297 2249 3388 Mariam
2301 3300 2705 3420 Maiorem
2756 3305 2915 3394 sub
2996 3306 3311 3395 annulo
3358 3305 3716 3396 Piscato-

345 3415 460 3503 ris
509 3411 648 3501 die
708 3418 837 3504 16.
889 3412 1261 3505 Januarii
1319 3415 1569 3540 1736.
1624 3415 2162 3514 pontificatus
2224 3424 2504 3514 Nostri
2572 3423 2791 3515 anno
2843 3451 3093 3516 sexto.

2555 3548 2616 3639 Ι
2607 3613 2629 3638 .
2689 3546 2938 3637 Cat-d.
3019 3547 3471 3639 oliverius.

640 3778 1004 3865 Decreto
1051 3774 1197 3862 del
1240 3778 1334 3864 P.
1395 3780 1824 3901 Pasquale
1876 3782 1992 3870 da
2051 3787 2473 3904 Bet-gamo
2526 3785 2886 3877 Vicat-io
2953 3787 3272 3906 Aposto
3280 3790 3441 3878 lico

1087 3895 1194 3986 di
1252 3899 1589 3987 Smirne
1647 3908 1739 3987 in
1785 3901 1991 3989 data
2038 3903 2182 3990 del
2228 3936 2306 3992 ι.
2360 3907 2667 4028 Luglio
2727 3938 2976 4029 1799.

472 4138 635 4226 Per
692 4133 1023 4225 ovviare
1100 4139 1173 4223 ai
1222 4141 1452 4250 gravi
1503 4139 1911 4228 disordini
1977 4142 2140 4231 che
2191 4175 2651 4234 nascevano
2714 4149 2853 4237 nel
2903 4149 3289 4264 villaggio
3357 4149 3442 4236 di
3512 4154 3713 4238 Bur-

352 4255 801 4369 nabatpet·
849 4286 1295 4345 ma·ncanza
1337 4257 1433 4344 di
1481 4263 1825 4347 servizio
1872 4264 2292 4377 spirituale
2324 4328 2350 4372 ,
2417 4268 2475 4351 il
2541 4268 2632 4352 P.
2674 4269 3076 4390 Pasquale
3140 4271 3241 4358 da
3315 4273 3740 4384 Bergarno⁴

353 4377 689 4463 vicario
736 4377 1212 4491 Apostolico
1260 4376 1345 4463 di
1385 4378 1711 4467 Smirne
1761 4384 2079 4470 minore
2139 4380 2564 4473 risocmato
2613 4386 2790 4476 fece
2836 4395 3144 4476 ricorso
3195 4395 3348 4479 alla
3404 4391 3717 4481 S,Con·

354 4495 842 4610 gregnzione
882 4492 998 4583 de
1048 4496 1583 4612 Propaganda
1634 4498 1878 4609 Fide,
1917 4502 2476 4618 esponendole
2525 4509 2665 4597 tali
2715 4511 3390 4619 inconvenienti,
3444 4545 3491 4603 e
3541 4546 3714 4601 mo·

351 4610 773 4706 mandale
797 4677 829 4719 ,
894 4615 1050 4703 ebe
1109 4649 1257 4734 per
1307 4641 1651 4709 mettere
1699 4624 1980 4734 argine
2038 4657 2105 4712 a·
2137 4629 2404 4745 questi
2461 4659 2630 4714 non
2682 4661 3136 4718 conosceva
3205 4637 3506 4723 esservi
3558 4640 3714 4722 mi—

353 4736 565 4850 glior
610 4732 1087 4852 espediente
1120 4800 1144 4844 ‚
1198 4736 1355 4825 ebe
1408 4736 1499 4824 d'i
1551 4737 2046 4832 fabbricarvi
2110 4777 2275 4832 una
2330 4745 2659 4836 Chiesa⁴
2732 4750 2853 4837 La
2907 4752 2986 4837 S.
3040 4750 3714 4866 Congregazione

354 4856 693 4946 accolae·
736 4855 1382 4966 benignamente
1430 4859 1511 4946 le
1558 4863 1868 4947 istanze
1919 4861 2053 4952 del
2120 4866 2451 4954 Vioario
2504 4871 3036 4983 Apostolico,
3102 4906 3146 4959 a
3213 4875 3348 4960 cui
3405 4878 3715 4992 rispose

359 5002 520 5064 oon
571 5005 715 5084 sua
794 4971 1082 5062 lettera
1169 4975 1296 5065 de’
1332 4976 1463 5064 -15,
1528 4980 1999 5070 Decembre
2059 5016 2306 5102 ¹79²·
2366 4988 2498 5075 nel
2548 4989 2800 5077 modo
2859 5014 3254 5106 segnente
3326 5057 3388 5100 ‚,
3451 4976 3524 5082 Ε
3573 5002 3711 5111 poi

346 5105 415 5200 ⁴„
480 5094 739 5180 molto
785 5094 1218 5207 plausibile
1269 5096 1327 5181 il
1380 5123 1751 5211 progetto
1786 5166 1815 5206 ,
1868 5101 2022 5190 che
2073 5138 2436 5193 avvanza
2489 5109 2754 5197 nostra
2811 5111 3223 5199 Paternita
3274 5111 3362 5199 di
3411 5115 3717 5227 erigge·

352 5265 445 5321 'n-
478 5212 758 5302 re·'nel
804 5213 1219 5328 villaggio.
1268 5212 1358 5304 di
1408 5217 1831 5307 Burnabat
1886 5254 2058 5309 -una
2114 5224 2414 5314 chiesa
2493 5260 2640 5346 per
2688 5230 3038 5320 comodo
3103 5231 3645 5322 defsGattolici
3686 5301 3710 5344 ‚

355 5396 416 5442 ‚‚
478 5333 633 5422 che
683 5336 767 5420 in
822 5363 1019 5447 gran
1076 5361 1441 5426 numero.
1481 5341 1565 5423 vi
1617 5370 2187 5453 consonano,
2262 5378 2311 5436 e
2374 5379 2525 5463 per
2587 5354 2896 5442 evitare
2949 5354 3006 5439 li
3061 5352 3293 5440 molti
3373 5352 3718 5448 disordi-

353 5516 415 5561 ,‚
478 5457 620 5560 ni,
706 5452 863 5544 che
910 5485 1048 5543 ora
1102 5487 1208 5544 ne
1258 5454 1675 5563 accadono
1725 5491 1880 5550 con
1961 5465 2365 5580 pubblico
2437 5468 2850 5561 scandalo.
2933 5469 3299 5584 Quando
3370 5470 3720 5604 dunque

356 5633 419 5683 ‚‚
483 5575 736 5781 τίεεΊοἾε
788 5574 963 5782 alh
997 5561 1413 5666 Paterni&
1465 5601 1729 5673 vostra
1803 5580 1891 5669 di
1943 5588 2432 5703 raccogliere
2483 5591 2861 5799 Ιίωοὲἰυε
2895 5591 3346 5684 sufficienti
3392 5631 3540 5720 pet·
3587 5635 3722 5695 co-

689 5726 850 5783 om.
953 5759 973 5781 .
3622 5747 3629 5755 ·
