4834 6409
3635 387 3805 483 255
3933 460 3944 471 .

418 530 697 609 autem
746 508 1308 619 Missionarios
1357 508 1885 629 Capuccinos
1932 509 2129 613 alibi
2181 508 2769 611 adMissiones
2856 505 3050 616 (ad
3079 526 3405 623 tempus
3455 529 3732 603 tamen
3772 514 3811 628 )

417 632 799 748 ablegare
863 630 1357 727 fundatione
1421 631 1720 719 domus
1787 664 2111 750 semper
2175 634 2395 723 salva
2432 698 2463 739 ,
2527 662 2848 752 suoque
2912 633 2998 715 in
3086 629 3386 723 robore
3447 663 3806 749 semper

417 750 685 850 firma·
878 789 889 811 ς
986 790 994 798 .
1302 789 1311 797 .
1806 784 1815 793 .
1890 802 1899 813 ,
2051 776 2059 787 ·
2148 798 2156 810 ⁶
2390 818 2397 825 ι
2447 776 2486 841 ‹-
3503 832 3518 844 .

539 874 1230 993 Decimoquinto.
1286 871 1543 982 Quod
1623 879 1689 961 si
1740 905 1936 969 vero
2012 876 2690 990 Capuccinorum
2758 871 3078 985 Religio
3129 934 3153 978 ,
3217 867 3520 959 domus
3595 870 3803 961 baec

417 992 838 1082 Missionis
873 1058 897 1102 ‚
937 1026 1113 1105 ..seu
1160 997 1652 1085 Missionarii
1704 994 2004 1083 futuris
2051 998 2468 1114 perpetuis
2551 996 3062 1110 temporibus
3124 990 3517 1082 adversus
3567 1027 3801 1109 prae·

423 1112 689 1203 dictas
774 1115 991 1227 leges
1035 1181 1060 1225 ‚
1139 1142 1372 1232 pacta
1425 1179 1449 1223 ,
1529 1140 1610 1204 et
1688 1115 2208 1204 conditiones
2257 1181 2288 1221 ‚
2367 1114 2742 1236 quidque
2825 1145 2971 1229 per
3057 1116 3544 1225 recursum‘,
3629 1119 3802 1231 sive

422 1231 1113 1352 dispensationem
1146 1300 1172 1345 ‚
1236 1240 1708 1352 privilegia,
1773 1269 1919 1353 per
1958 1240 2155 1325 latas
2193 1300 2217 1345 ,
2282 1240 2417 1325 vel
2468 1234 2847 1326 ferendas
2920 1237 3005 1319 in
3060 1238 3565 1323 contrarium
3617 1270 3802 1325 san·

423 1359 739 1444 ctiones
774 1420 800 1465 ,
869 1388 1014 1442 seu
1066 1362 1140 1445 ei
1196 1357 1540 1446 demum
1592 1391 1739 1474 per
1788 1359 2032 1445 alitam
2083 1389 2702 1481 quamcumque
2749 1358 2973 1443 viam
3020 1357 3644 1469 excogitabilem
3697 1358 3803 1446 de

419 1474 800 1585 mundo,
839 1474 944 1564 de
992 1475 1255 1587 fact0,
1319 1482 1455 1568 vel
1504 1478 1614 1565 de
1664 1485 1846 1594 jure
1901 1503 2344 1584 attentare,
2408 1479 2933 1565 salubremve
2982 1479 3534 1563 intentionem
3586 1479 3803 1567 hanc

417 1622 782 1685 nostram
813 1659 838 1706 ‚
879 1630 1093 1718 quae
1142 1623 1264 1688 est
1301 1662 1325 1703 ,
1379 1625 1475 1686 ut
1526 1602 1856 1715 penitus
1906 1631 1953 1686 e
2004 1601 2439 1686 Provincia
2488 1610 2762 1685 nestra
2812 1595 3351 1683 eliminentur
3400 1595 3802 1711 haereses,
3889 1624 3894 1628 ·
3976 1712 3984 1720 .

421 1720 838 1806 invertere
875 1781 900 1823 ,
966 1719 1445 1808 modificare
1480 1784 1505 1828 ‚
1572 1720 1708 1806 vel
1761 1720 1993 1807 aliter
2043 1720 2242 1807 huic
2292 1750 2636 1839 quoquo
2685 1716 3027 1805 demum
3088 1715 3341 1802 modo
3408 1716 3804 1833 derogare

420 1843 1124 1954 praesumpserint
1156 1905 1181 1948 ‚
1237 1845 1619 1931 noverint
1672 1840 1838 1943 illa,
1893 1867 1975 1928 et
2024 1843 2154 1926 isti
2210 1839 2786 1954 Omnipotenti
2837 1836 3022 1925 Dec
3052 1901 3075 1942 ,
3114 1837 3405 1952 Nobis,
3464 1842 3806 1933 Succes-

423 1958 802 2065 mribus,
842 1960 926 2047 et
969 1960 1451 2065 ,Venerabili
1501 1961 1894 2075 Capitulo
1943 1985 2220 2049 nostro
2270 1964 2860 2077 strictissimam
2918 1962 3318 2045 rationem
3363 1958 3802 2070 reddituri,

423 2109 680 2197 seque
729 2078 1384 2192 indignationem
1438 2106 1841 2186 nostram,
1909 2083 2488 2170 Successorom
2539 2091 3063 2186 nostrorum‘,
3116 2104 3198 2167 et
3247 2081 3588 2195 praefati
3641 2086 3806 2170 Ve-

423 2201 818 2291 nerabilis
870 2200 1240 2318 Capituli
1293 2205 1813 2310 incursuros,
1867 2205 2046 2290 sine
2095 2234 2453 2322 quorum
2492 2265 2516 2308 ,
2570 2226 2653 2288 et
2703 2201 2957 2317 hujus
3007 2231 3382 2314 expresso
3447 2234 3798 2292 consen-

424 2350 522 2405 su
565 2383 589 2424 ,
652 2324 1115 2436 praemissis
1192 2323 1570 2432 legibus,
1639 2328 1897 2439 pactis
1948 2386 1973 2430 ,
2066 2347 2151 2412 et
2226 2320 2877 2410 conditionibus⁴
2933 2351 3181 2409 nemo
3271 2354 3805 2443 quacumque

428 2442 677 2559 etiam
734 2446 1223 2531 auctoritate
1270 2442 1643 2556 fulgeat,
1736 2475 2103 2562 unquam
2167 2446 2473 2558 poterit
2537 2440 2994 2555 derogare3
3073 2442 3486 2649 siqwuidem
3534 2441 3804 2533 dero-

423 2561 1254 2685 gationem·aliquam
1290 2627 1316 2671 ‚
1370 2563 2071 2651 modificationem
2113 2626 2139 2669 ,
2200 2563 2336 2652 vel
2388 2566 3125 2652 commutationem
3236 2568 3429 2679 ujus
3478 2587 3804 2653 nostrae

417 2682 607 2797 piae
657 2684 1143 2772 intentionis
1194 2698 1363 2770 non
1445 2682 1995 2802 impetrandi,
2062 2708 2207 2770 aut
2255 2686 2491 2772 aliter
2538 2715 2689 2799 per
2747 2706 2833 2771 se
2883 2716 2970 2770 se
3007 2747 3030 2790 ‚
3097 2685 3231 2771 vel
3295 2686 3495 2771 alios
3558 2685 3803 2805 quid-

418 2830 674 2917 quam
728 2807 809 2887 in
865 2807 1372 2900 contrarium
1427 2837 1592 2892 non
1650 2802 2167 2911 attentandi,
2207 2807 2409 2923 quin
2464 2808 2739 2920 potius
2787 2835 2985 2897 vero
3018 2802 3441 2921 praedicta
3493 2810 3801 2916 omnia,

421 2941 509 3005 et
574 2924 893 3034 singula
947 2931 1365 3037 perpetuis
1442 2926 1744 3013 futuris
1820 2927 2337 3043 temporibus
2392 2957 2543 3039 pro
2594 2955 2831 3039 posse
2894 2956 3182 3011 eorum
3236 2923 3649 3034 fideliter,
3720 2953 3806 3017 et

422 3042 728 3154 jugiter
776 3040 1286 3158 adimplendi
1318 3112 1347 3155 ,
1384 3079 1624 3163 saepe
1677 3072 2176 3137 memoratus
2227 3046 2471 3134 Pater
2522 3036 3061 3165 Provincialis
3091 3109 3115 3153 ‚
3169 3068 3254 3133 et
3302 3044 3806 3137 Definitores

420 3164 759 3273 proprio
808 3194 1098 3249 eorum
1135 3227 1159 3271 ‚
1225 3198 1787 3255 successorum
1826 3234 1850 3275 ,
1904 3191 1988 3254 et
2063 3170 2315 3253 totius
2381 3168 2869 3253 Provinciae
2921 3168 3260 3254 nomine
3311 3164 3523 3252 datis
3577 3172 3660 3255 in
3716 3168 3808 3258 id

422 3303 543 3423 et·
584 3281 849 3368 Nobis
924 3282 1392 3395 extradictis
1470 3289 2055 3377 Reversalibus
2132 3289 2612 3375 solemniter
2656 3351 2681 3395 ,
2731 3357 2736 3363 .
2781 3286 3172 3409 bonaque
3253 3285 3423 3377 fide
3522 3319 3809 3408 expro-

423 3427 864 3495 miserunt.
3495 3448 3502 3457 ’

546 3523 644 3610 In
699 3556 1056 3644 quorum
1109 3532 1486 3616 omnium
1540 3527 1848 3637 fidem,
1882 3552 1966 3616 et
2024 3518 2309 3637 robur,
2362 3528 2811 3617 accedente
2864 3531 3104 3614 toties
3168 3535 3469 3617 narrati
3533 3528 3811 3619 Vene-

423 3645 705 3731 rabilis
758 3650 1014 3733 nostri
1065 3642 1438 3763 Capituli
1491 3683 1925 3757 consensu‚
1982 3651 2125 3738 has
2177 3648 2350 3739 fieri
2392 3715 2415 3756 ,
2472 3648 2914 3767 eidemque
2967 3650 3186 3735 Patri
3243 3651 3738 3738 Provinciali·
3775 3718 3808 3757 ,

423 3788 508 3851 et
556 3763 1163 3855 Definitoribus
1212 3769 1526 3859 extradi
1575 3776 2016 3888 jussimus,
2083 3772 2690 3888 subscriptione
2737 3794 3010 3857 nostra
3049 3833 3076 3876 ,
3157 3794 3240 3856 et
3301 3775 3806 3888 appensione

423 3886 667 3996 sigilli
721 3892 976 3973 nostri
1065 3895 1423 4007 majoris·
1469 3898 1857 3981 munitas.
1926 3893 2168 4002 Quae
2227 3890 2658 3981 dabuntur
2709 3891 3161 4001 Salisburgi
3217 3894 3300 3977 in
3368 3893 3809 4008 metropoli

429 4030 732 4111 nostra,
790 4005 944 4094 hac
980 4007 1127 4119 ,die
1182 4017 1448 4127 prima
1499 4018 1806 4102 mensis
1856 4016 2166 4128 Aprilis
2226 4017 2476 4135 1736.

2827 4251 3564 4366 LEOPOLDUS.

543 4487 611 4589 §-
680 4488 762 4574 8·
825 4488 997 4575 Nos
1041 4523 1377 4611 quoque
1406 4493 1565 4582 Dei
1617 4497 1872 4607 gratia
1903 4495 2286 4589 ,Andreas
2336 4495 2700 4585 Jacobus
2731 4494 3040 4583 Comes
3077 4493 3802 4585 deDietrichstein
3851 4546 3884 4574 x
3917 4502 4196 4568 Consen-

424 4606 990 4726 PraeposituS,
1046 4613 1799 4739 Archipresbyter,
1868 4618 2342 4733 Leopoldus
2418 4618 2827 4707 Ernestns
2894 4618 2991 4701 L.
3080 4618 3169 4700 B.
3258 4615 3367 4704 de
3438 4618 3803 4704 Firmian

3836 4617 3944 4660 sus
4016 4594 4203 4683 Capi-

3835 4687 3953 4751 tuli
4013 4687 4208 4752 Salis-

422 4727 732 4818 Divina
802 4737 1102 4846 pariter
1169 4740 1419 4846 gratia
1497 4737 1888 4827 Decanus
1926 4805 1952 4845 ‚
2058 4739 2545 4829 1⁴'ranciscus
2611 4734 3241 4827 Maximilianus
3319 4737 3625 4828 Comes
3704 4737 3809 4825 de
3836 4780 4097 4866 burgen.

426 4840 1046 4941 Liechtenstein
1133 4857 1485 4966 Senior,
1555 4883 2001 4982 totumque
2082 4859 2567 4975 Capitulum
2639 4858 3302 4975 Metropoliticae
3382 4861 3810 4947 Ecclesiae
3838 4893 4028 4975 super
4055 4891 4199 4935 nar·

426 4964 1125 5082 salisburgensis,
1197 4974 1612 5087 fatemur,
1699 5006 1785 5069 et
1866 5004 2346 5079 attestamur
2392 4986 2730 5087 omnia,
2810 5012 3024 5100 quae
3086 4982 3169 5065 in
3241 4982 3812 5094 praesentibus
3840 4977 4009 5030 ΜΒ·

426 5083 683 5175 literis
766 5093 1306 5181 continentur
1355 5160 1380 5203 ‚
1446 5124 1729 5186 nostro
1809 5132 2219 5191 consensu
2295 5124 2620 5217 peracta
2676 5162 2700 5207 ,
2779 5098 3303 5219 proindeque
3388 5104 3826 5215 perpetuis-

422 5213 798 5298 venturis
861 5214 1374 5329 temporibus
1435 5217 1950 5310 observanda
2017 5254 2247 5330 esse,
2331 5253 2483 5336 pro
2536 5226 2775 5336 cujus
2857 5223 3381 5311 roboratione
3450 5222 3817 5335 sigillum

297 5374 303 5383 ·
425 5353 808 5418 nostrum
886 5331 1366 5450 Capitulare
1431 5339 1980 5454 appendimus
2028 5406 2053 5450 ,
2088 5369 2203 5430 et
2277 5343 2453 5431 Nos
2531 5339 2981 5458 supradicti
3065 5345 3588 5458 praepositus
3653 5341 3820 5429 De⁴

428 5459 739 5564 canus‚
802 5486 897 5545 ac
949 5455 1242 5549 Senior
1302 5458 1545 5551 hasce
1598 5460 1872 5553 literas
1947 5465 2339 5555 manibus
2394 5467 2747 5584 propriis
2825 5463 3485 5580 subscripsimus.
3556 5463 3821 5551 Datae
