4834 6409
1098 607 1192 669 ut
1241 577 1632 665 Monachi
1685 580 1767 663 in
1835 573 2188 690 Templo
2252 570 2557 663 stantes
2613 568 3003 683 audiant,
3037 600 3123 664 et
3174 571 3387 661 illud
3436 607 3481 660 a
3534 572 3986 661 Secretario
4034 572 4120 657 in
4170 566 4451 657 charta

1097 718 1452 788 notetur.
1534 698 1735 782 XII.
1804 698 1887 781 Si
1941 727 2125 811 pars
2200 694 2780 809 suffragiorum
2826 727 3086 811 ;supra
3160 693 3607 781 dimidium
3658 691 4139 779 .Vocalium‚
4197 691 4463 801 major

1045 823 1542 908 ·‘convenire
1590 823 1673 903 iu
1729 819 2132 924 electione
2196 822 2699 932 reperiatur,
2754 820 2848 907 e‘a
2886 839 3265 907 censetur
3310 815 3581 902 facta:
3635 817 3761 900 sin
3808 834 4086 899 autem
4120 812 4209 895 in
4258 804 4468 891 duas

1100 972 1485 1056 personas
1535 936 1916 1049 suffragia
1970 935 2477 1042 dividantur,
2530 936 2655 1021 his
2702 973 2748 1025 a
2802 938 3146 1027 ferendo
3196 934 3584 1046 suffragio
3632 934 3979 1021 exclusis
4029 993 4054 1036 ,
4118 933 4462 1016 iteretur

1099 1064 1612 1145 scrutinium.
1650 1061 1728 1141 Si
1772 1089 2046 1143 rursus
2094 1059 2457 1175 aequalis
2511 1089 2656 1170 pro
2708 1083 3060 1177 utroque
3100 1055 3683 1168 ⁸suffragiorum
3728 1081 4122 1139 numerus
4170 1046 4477 1137 consti-'-

1105 1183 1319 1286 terit,
1369 1176 1951 1295 praeferendus
2001 1180 2240 1291 prior·
2272 1201 2639 1293 tempore
2662 1180 3215 1293 professionis.
3252 1177 3336 1262 Si
3386 1196 3666 1262 autem
3701 1170 4223 1287 professionis
4264 1188 4476 1251 tem·

1103 1331 1301 1413 pore
1355 1301 1730 1417 aequales
1781 1296 2139 1403 fuerint,
2206 1321 2425 1383 aetas
2476 1298 3033 1401 attendenda,
3098 1320 3182 1382 et
3230 1302 3500 1381 senior
3548 1297 3852 1411 juniori
3906 1289 4473 1406 praeeligatur.

1104 1418 1347 1501 XIII.
1399 1421 1480 1502 Si
1532 1450 1725 1504 vero
1768 1414 2151 1528 suffragia
2204 1421 2290 1500 in
2344 1416 2706 1505 diversas
2744 1450 3127 1533 personas
3188 1413 3769 1518 distrahantur,
3809 1416 3918 1498 ita
3965 1433 4061 1495 ut
4094 1407 4479 1494 innemi-

1117 1569 1309 1623 nem
1366 1543 1625 1652 major
1655 1539 2343 1648 Congregationis
2393 1569 2578 1654 pars
2617 1542 3093 1648 conveniat3
3132 1533 3526 1641 secundO,
3566 1568 3659 1620 ae
3697 1537 3936 1619 tertio
3986 1529 4481 1615 scrutinium

1111 1681 1549 1771 repetatur.
1582 1655 1835 1766 Quod
1887 1660 1949 1740 si
2002 1660 2247 1743 etiam
2299 1680 2504 1742 tunc
2557 1688 2799 1743 nemo
2850 1658 3152 1743 habeat
3200 1661 3592 1769 majorem
3647 1651 4225 1762 suffragiorum
4295 1677 4479 1760 par-

1110 1800 1306 1880 tem,
1362 1781 1779 1889 con-tingat
1828 1800 2103 1862 autem
2155 1775 2389 1881 duoS,
2417 1777 2551 1862 vel
2593 1799 2752 1863 tres
2804 1778 3108 1863 habere
3160 1776 3393 1889 plura
3421 1773 3832 1883 suffragia,
3873 1776 3982 1855 ita
4035 1794 4130 1854 ut
4177 1766 4485 1877 singuli

1111 1920 1488 2013 quartam
1539 1899 1823 1981 saltem
1862 1920 2172 2008 partem
2225 1893 2798 2006 suffragiorum
2838 1899 3294 1997 obtineant,
3330 1925 3477 2007 per
3523 1895 3945 1977 Abbatem
3979 1887 4485 1976 Generalem

1112 2019 1740 2129 promulgentur
1805 2014 1929 2098 his
1978 2015 2275 2101 verbis.
2340 2016 2860 2101 Reverendus
2916 2017 3179 2100 Pater
3223 2012 3437 2099 NN.
3491 2032 3571 2096 et
3639 2008 4157 2097 Reverendus
4211 2008 4475 2090 Pater

1111 2133 1323 2221 NN.
1389 2136 1691 2218 habent
1761 2133 2016 2246 plura
2082 2126 2559 2250 stiffi-agia,
2633 2169 2893 2254 quam
2954 2135 3290 2251 reliqui.
3371 2133 3520 2218 Ex
3605 2134 3734 2216 his
3813 2132 4077 2248 igitur
4141 2128 4485 2240 potestis

1117 2287 1381 2338 unum
1455 2255 1760 2373 eligere
1811 2260 1904 2337 in
1966 2254 2388 2340 Abbatem
2443 2254 2945 2341 Gen'eraIem
3008 2259 3261 2338 totins
3322 2251 3696 2339 Ordinis.
3765 2253 3989 2334 Tum
4048 2248 4208 2333 illis
4241 2309 4271 2351 ,
4334 2246 4487 2362 qui

1115 2378 1522 2460 nominati
1574 2398 1816 2479 sunt,
1869 2374 2213 2460 exclusis
2249 2438 2272 2481 ,
2324 2375 2671 2462 Vocales
2735 2377 3033 2494 reliqui
3098 2371 3201 2458 ad
3254 2375 3739 2459 electionem
3786 2366 4067 2455 'modo
4116 2363 4489 2479 supradi-

1123 2517 1259 2580 cto
1311 2493 1757 2607 procedant
1791 2556 1815 2600 ,
1881 2524 2145 2579 unum
2217 2527 2314 2581 ex
2366 2499 2803 2579 nominatis
2854 2498 3271 2605 eligentes,
3328 2497 3423 2576 in·
3463 2523 3713 2611 quem
3775 2495 4040 2603 major
4085 2517 4270 2601 pars
4319 2481 4488 2568 suf-

1120 2611 1568 2724 fragiorum
1637 2617 2140 2701 convenerit.
2208 2615 2444 2698 XIV.
2514 2616 2789 2700 Finito
2852 2616 3252 2699 scrutinio
3317 2613 3628 2700 electus
3679 2611 3982 2697 Abbas
4044 2605 4484 2692 Generalis

1118 2736 1689 2846 promulgetur
1737 2766 1780 2819 a
1834 2764 1984 2818 suo
2034 2732 2682 2847 praedecessore,
2730 2736 2863 2820 vel
2899 2737 2963 2818 si
3016 2736 3186 2847 ipse
3239 2737 3323 2817 in
3379 2729 3687 2816 Officio
3724 2727 4258 2815 confirmatus
4293 2721 4478 2809 fue-

1120 2856 1253 2959 rit,
1309 2864 1669 2966 a.primo
1720 2854 2433 2965 Hegumenorum,
2491 2853 2621 2938 his
2675 2854 2967 2940 verbis.
3047 2850 3503 2939 Reverendi
3564 2853 3862 2935 Patres
3915 2912 3938 2954 ‚
3988 2846 4249 2964 faeta
4313 2839 4491 2956 ,ςιψὲ

1091 2970 1587 3089 fragiorum
1642 2972 2089 3058 collatione
2122 3039 2151 3078 ,
2199 2978 2667 3058 invenimus
2728 2978 3143 3089 majorem
3199 2980 3531 3086 partem
3591 2969 4278 3087 Congregationis
4339 2992 4488 3045 no-

1122 3111 1374 3193 strae,
1424 3097 1858 3175 convenire
1908 3098 2000 3176 in
2058 3094 2456 3177 electione
2507 3091 2970 3178 Reverendi
3018 3094 3304 3176 Patris
3357 3088 3570 3180 NN.
3627 3088 3828 3185 Ideo
3857 3091 4190 3173 nomine
4237 3087 4490 3168 totius

1133 3213 1827 3328 Congregationis
1876 3232 2206 3297 nostrae
2233 3276 2258 3318 ‚
2309 3232 2392 3295 et
2437 3230 2842 3326 potestate
2879 3244 3035 3327 per
3085 3243 3219 3297 vos
3268 3241 3547 3296 omnes
3596 3210 3817 3293 mihi
3862 3235 4279 3307 concessa,
4297 3232 4490 3318 pro-

1127 3335 1461 3435 nuncio,
1513 3349 1593 3412 et
1641 3328 1973 3415 declaro
1999 3328 2827 3417 ‘Reverendissimum
2902 3332 3251 3415 Patrem
3310 3329 3521 3419 NN.
3587 3328 3940 3412 electum
3986 3325 4270 3444 fuisse
4320 3385 4345 3427 ,
4404 3338 4491 3402 et

1126 3479 1298 3533 esse
1346 3466 1723 3532 nostrum
1769 3454 2145 3535 omnium
2175 3515 2199 3559 ,
2251 3457 2668 3568 totiusque
2728 3448 3074 3535 Ordinis
3142 3456 3411 3535 nostri
3466 3447 3564 3536 A
3562 3451 3892 3533 labatem
3957 3442 4484 3533 Gener-alem.

1127 3568 1321 3652 XV.
1389 3567 1636 3654 Facta
1688 3568 2111 3656 electionis
2163 3571 2854 3686 proclamatione,
2919 3572 3234 3685 primus
3299 3570 3838 3681 Hegumenus
3875 3627 3899 3673 ,
3969 3590 4114 3651 aut
4162 3562 4491 3675 dignior

1130 3689 1346 3774 inter
1406 3686 1754 3774 Vocales
1818 3691 2144 3777 intonat
2204 3691 2623 3775 psalmum
2692 3689 2937 3775 XIX.
2990 3691 3325 3807 reliquis
3390 3690 3854 3776 alternatim
3923 3682 4490 3804 prosequenti-

1126 3807 1307 3891 bus.
1385 3805 1835 3891 Exaudiet
1906 3830 1987 3896 te
2045 3812 2469 3895 Dominus-
2527 3814 2619 3891 in
2679 3806 2818 3891 die
2884 3809 3452 3893 tribulationis
3489 3871 3513 3914 ,
3570 3825 3954 3924 protegat
4020 3823 4099 3888 te
4146 3830 4492 3917 gnomen

1125 3927 1302 4013 Dei
1347 3927 1607 4012 Jacob
1669 3945 1820 4011 ete.
1878 3930 2197 4016 Interea
2250 3929 2722 4040 Hegumeni
2773 3926 3097 4019 ducunt
3144 3929 3533 4023 Electum
3585 3925 3695 4013 a'd
3739 3925 4018 4012 sedem
4069 3919 4173 4009 ad
4224 3950 4490 4007 cornu

1131 4049 1550 4131 sinistrum
1617 4045 1924 4135 Altaria
1976 4071 2334 4163 paratam
2369 4112 2396 4155 ,
2465 4050 2609 4166 qui
2676 4049 3091 4134 osculatur
3139 4052 3501 4163 primum
3564 4048 3850 4133 Altare
3898 4109 3923 4153 ,
3987 4039 4289 4128 deinde
4370 4070 4495 4126 se·

1130 4163 1292 4253 det.
1368 4166 1590 4251 Tum
1641 4197 1687 4250 a
1737 4165 2091 4279 digniori
2147 4166 2494 4253 traditur
2566 4171 2641 4252 ei
2691 4167 2904 4253 liber
2954 4167 3368 4279 Regulae,
3420 4191 3503 4254 et
3567 4164 4277 4252 Constitutionum
4318 4224 4344 4268 ,
4396 4190 4494 4246 ac

1134 4284 1515 4397 Sigillum
1570 4281 1906 4370 Officii:
1981 4294 2123 4405 qui
2186 4291 2545 4373 retinens
2612 4288 2985 4396 Sigillum
3035 4349 3059 4392 ‚
3128 4288 3377 4373 tradit
3424 4288 3571 4371 uni
3651 4317 3751 4370 ex
3820 4283 4329 4389 vocalibus,
4400 4300 4497 4364 ut

1132 4405 1347 4515 legat
1395 4402 1673 4516 Caput
1722 4404 1871 4488 III.
1928 4408 2192 4492 Partis*
2237 4406 2390 4490 ΠΙ.
2444 4403 2670 4523 quod
2720 4429 2844 4491 est
2909 4405 3011 4490 de
3064 4407 3702 4520 praeeminentia
3736 4467 3759 4510 ,
3830 4425 3912 4489 et
3964 4400 4272 4489 Officio
4323 4401 4498 4486 Ab·

1133 4524 1345 4608 batis
1409 4521 1859 4609 Generalis.
1928 4526 2269 4610 Interim
2321 4525 2648 4611 Fratres
2697 4525 2996 4635 singuli
3026 4530 3274 4653 juxta
3329 4523 3736 4610 Ordinem
3806 4554 4050 4609 suum
4131 4519 4236 4608 ad
4299 4551 4507 4609 eum,

1136 4639 1619 4728 accedentes
1653 4705 1676 4746 ,
1731 4645 2079 4755 genibus
2128 4645 2356 4730 flexis
2403 4676 2699 4729 manus
2755 4649 2933 4758 ejus
2983 4647 3483 4730 osculantur.
3552 4644 3735 4756 Ipse
3780 4674 3980 4728 vero
4049 4639 4339 4733 tandiu
4404 4642 4490 4723 in

1131 4765 1314 4848 loco
1365 4792 1516 4845 suo
1584 4760 1967 4867 sedebit,
2031 4762 2298 4850 donec
2348 4764 2820 4879 Hegumeni
2873 4766 3742 4881 quatuor-eligantur:
3803 4794 3954 4849 nec
4004 4795 4051 4848 e
4102 4759 4299 4847 sede
4348 4791 4499 4844 sua

1132 4878 1445 4969 recedit
1478 4943 1504 4987 ,
1571 4885 1724 4966 nisi
1777 4915 1969 4969 cum
2017 4881 2499 4993 suffragium
2550 4887 2975 4998 proprium
3027 4887 3476 4999 scripturus
3558 4905 3681 4993 est
3716 4944 3741 4987 ,
3806 4907 3891 4969 et
3936 4886 4018 4969 in
4077 4884 4294 4967 Arca
4347 4883 4497 4963 im-

1132 5006 1584 5108 missurus,
1646 5026 1729 5088 et
1777 5001 2162 5113 suffragia
2217 5001 2827 5091 Monachorum
2866 5066 2890 5107 ,
2959 5029 3050 5088 ut
3108 5034 3355 5120 supra
3390 5067 3414 5110 ‚
3487 5004 3964 5112 cogniturus
4015 5066 4039 5109 ‚
4102 5003 4537 5087 electum-.

1133 5148 1300 5240 ‘que
1377 5122 2090 5235 proclamaturus:
2176 5153 2345 5241 quo
2408 5125 2677 5208 statim
2747 5124 3251 5237 proclamato
3311 5122 3419 5207 ad
3482 5120 3763 5209 sedem
3846 5155 4081 5207 suam
4149 5118 4495 5207 redibit.

1134 5242 1370 5327 XVI.
1401 5272 1406 5277 ·
1439 5241 1524 5325 Si
1576 5241 1886 5353 electus
1937 5242 2227 5327 absens
2297 5241 2548 5327 fuerit
2597 5300 2620 5347 ‚
2690 5265 3119 5360 postquam
3171 5243 3668 5357 proclamata
3720 5265 3840 5328 est
3888 5243 4111 5326 illius
4162 5241 4500 5341 electio,

1137 5385 1511 5448 cantatur
1574 5361 1946 5461 Psalmus
1993 5360 2257 5445 XIX.
2316 5384 2409 5445 ut
2457 5393 2725 5476 supra.
2779 5361 2976 5469 Quo
3025 5361 3264 5450 finito
3313 5365 3583 5449 statim
3636 5360 4107 5471 proceditur
4178 5357 4279 5445 ad
4333 5359 4502 5444 ele-

1133 5486 1495 5570 ctionem
1559 5480 2297 5595 Hegumenorum,
2351 5511 2705 5599 quorum
2769 5473 3083 5596 primus
3157 5486 3380 5570 vices
3447 5480 3796 5567 Abbatis
3870 5478 4297 5569 Generalis
4360 5507 4501 5587 ge-

994 5597 997 5600 ’
1133 5628 1315 5713 ret,
1379 5601 1997 5691 donec-Abhas
2055 5600 2505 5690 'Generalis
2568 5601 2847 5691 aderit.
2923 5600 3182 5713 Quod
3243 5609 3311 5691 si
3375 5600 3671 5691 adesse
3712 5605 3983 5717 possit·
4045 5616 4492 5718 antequam
