4834 6409
1006 371 1181 459 318

1020 522 1209 581 rum
1263 489 2017 605 Congregationum
2083 497 2255 585 ulla
2350 498 2558 583 ratio
2621 493 3007 583 habenda
3073 499 3250 586 erit.
3317 497 3549 582 XVI.
3622 490 4043 604 suffragiis
4106 494 4401 582 Mona-

1028 610 1374 701 chorum
1427 616 1923 729 approbatus
1987 641 2417 725 censetur,
2492 623 2638 735 qui
2689 617 2819 706 vel
2876 642 3139 727 unum
3190 651 3340 734 pro
3394 620 3861 732 receptione
3908 642 4150 727 supra
4228 639 4401 696 me·

1027 731 1420 821 dietatem
1474 731 1954 856 suffragium
2009 739 2285 828 habet.
2352 741 2436 824 Si
2488 770 2689 826 vero
2736 735 3118 853 suffragia
3166 725 3477 827 fuerint
3526 742 3745 852 paria
3802 764 3951 850 pro
4002 733 4407 846 receptio-.

1026 885 1135 941 ne
1171 916 1195 959 ,
1266 875 1349 938 et
1405 886 1559 971 pro
1610 860 2187 971 reprobatione
2222 924 2245 968 ,
2314 866 2615 947 iterum
2668 885 3112 973 rogentur3
3173 864 3409 980 sique
3462 860 3736 949 adhuc
3789 856 4007 970 paria
4059 849 4413 952 fuerint,

1027 973 1512 1090 reprobatus
1612 1004 2063 1065 censeatur.
2130 982 2412 1066 XVII.
2485 985 2568 1067 Si
2631 979 2841 1075 forte
2903 981 3287 1069 Novitius
3374 980 3796 1093 Tyrocinii
3885 997 4253 1088 tempore
4314 973 4409 1055 in-

1025 1124 1271 1205 grave
1324 1099 1634 1185 crimen
1691 1100 2120 1213 publicum
2162 1166 2185 1209 ,
2240 1130 2324 1190 et
2372 1099 2899 1189 manifestum
2966 1103 3390 1223 prqlapsus
3441 1098 3741 1206 fuerit,
3799 1128 3883 1183 re
3916 1098 4161 1211 ,prius
4210 1121 4409 1179 cum

1022 1212 1680 1328 Congregatione
1734 1219 2343 1332 Monachorum
2392 1227 2996 1308 communicata
3035 1287 3059 1330 ,
3113 1224 3399 1309 Abbas
3452 1225 3686 1307 illum
3740 1223 3917 1319 sine
3966 1244 4195 1311 mora
4265 1212 4413 1299 ei't-

1026 1337 1247 1439 ciat,
1314 1339 1419 1421 ita
1501 1359 1774 1426 tamen
1816 1403 1839 1445 ,
1908 1369 2000 1428 ut
2051 1350 2230 1458 ejus
2294 1342 2562 1430 famae
2623 1341 2862 1459 ‚apud
2913 1344 3432 1446 saeculares,
3499 1342 3774 1460 quoad
3830 1334 4408 1451 fieripoterit,

1030 1457 1530 1542 consulatur.
1599 1461 1923 1546 XVIII.
1990 1464 2376 1551 Novitius
2457 1487 2897 1581 postquam
2948 1464 3089 1557 ‚ad
3166 1459 3785 1575 suscipiendum
3868 1455 4247 1541 habitum
4330 1454 4421 1539 iu

1034 1580 1268 1661 tertia
1323 1574 1983 1690 Congregatione
2033 1587 2531 1699 approbatus
2581 1583 2882 1689 fuerit,
2926 1586 3210 1671 Abbas
3250 1584 3369 1668 illi
3423 1582 3754 1667 habitus
3806 1577 4419 1693 susceptionem

1038 1694 1141 1781 ad
1197 1694 1564 1782 triduum
1620 1697 2004 1788 disserat:
2077 1737 2246 1822 quo
2298 1707 2757 1793 intervallo·
2801 1706 3089 1820 jubeat
3152 1703 3513 1793 eundem
3595 1701 3702 1787 de
3751 1722 3969 1784 statu
4018 1726 4170 1781 suo
4205 1689 4423 1783 ,deli-2

1038 1816 1390 1925 herare3
1456 1842 1732 1904 utrum
1787 1825 2099 1910 scilicet
2147 1827 2265 1912 illi
2320 1827 2639 1938 placeat
2705 1849 2885 1912 vota
2942 1829 3367 1930 emittere,
3435 1846 3580 1929 aut
3641 1843 3923 1907 contra
3988 1815 4095 1903 ad
4147 1844 4429 1901 saecu-2

1044 1937 1220 2021 lum
1278 1934 1566 2024 redire.
1640 1940 1721 2022 Si
1775 1945 2113 2030 evoluto
2177 1945 2454 2033 triduo
2527 1945 2915 2032 Novitius
2981 1949 3355 2061 statuerit
3440 1945 3930 2053 Religiosam
3998 1932 4431 2052 professio-

1052 2088 1238 2143 nem
1293 2061 1723 2167 emittere,
1791 2086 1873 2145 et
1920 2064 2383 2153 Monachus
2435 2067 2611 2153 fieri
2648 2128 2675 2173 ,
2740 2062 2846 2151 acl
2908 2067 3373 2155 Ecclesiam
3453 2062 3973 2164 adducatur,
4040 2056 4431 2166 Fratrum

1055 2199 1292 2262 coetu
1361 2175 1890 2291 deducente3
1957 2208 2204 2303 atque
2251 2219 2531 2274 coram
2582 2187 2914 2281 Abbate
2992 2183 3097 2273 ad
3177 2187 3477 2273 Altaris
3531 2187 3741 2270 latus
3813 2177 4220 2265 assidente
4296 2206 4435 2286 gea

1053 2329 1219 2383 uua
1287 2296 1617 2407 flectat,
1685 2301 2016 2389 duobus
2064 2309 2353 2392 saltem
2402 2304 2834 2393 Monachis
2898 2303 3275 2421 professis
3323 2303 3951 2422 praesentibus,
4008 2322 4095 2384 et
4155 2296 4463 2411 Abbas-

1058 2414 1164 2503 de
1214 2420 1466 2532 ipsius
1520 2425 1978 2536 proposito,
2044 2458 2137 2510 ac
2190 2452 2467 2516 mente
2519 2430 2758 2513 illum
2812 2428 3281 2541 interroget.
3327 2429 3580 2543 Sique
3632 2422 4010 2508 habitum
4063 2417 4435 2533 petierit,

1057 2534 1458 2623 induatur
1526 2545 1752 2654 juxta
1809 2545 2088 2630 Ritum
2147 2549 2576 2660 Syriacum
2612 2611 2638 2656 ,
2690 2571 3126 2666 postquam
3177 2545 3857 2663 pronunciaverit
3919 2541 4137 2625 hanc
4185 2537 4442 2649 Voto-

1064 2689 1251 2743 rum
1300 2656 1770 2747 formulam.
3246 2742 3254 2751 .

1180 2778 1368 2889 Ego
1416 2779 1694 2897 N.·N.-
1742 2786 2181 2896 promitto,
2246 2820 2338 2875 ac
2395 2818 2664 2875 voveo
2725 2787 2912 2879 Deo
2978 2787 3558 2903 Omnipotenti
3596 2849 3620 2891 ,
3689 2800 3799 2871 et*
3838 2782 4057 2867 Rffio
4133 2777 4446 2862 Abbati

1073 2895 1459 2984 Generali
1525 2902 1627 2986 N.
1680 2903 1786 2987 N.
1875 2909 2225 3023 ejusque
2289 2908 2981 3015 Successoribus,
3049 2908 3610 2995 obedientiam
3664 2969 3689 3012 ,
3778 2907 4298 3003 castitatem,
4364 2918 4451 2981 et

1068 3043 1632 3130 paupertatem
1688 3025 2235 3111 voluntariam
2274 3089 2300 3134 ,
2367 3059 2631 3146 usque
2680 3027 2783 3112 ad
2838 3051 3186 3114 mortem
3225 3092 3247 3135 ,
3300 3032 3526 3143 juxta
3580 3025 4023 3134 Regulam,
4092 3042 4176 3107 et
4226 3017 4453 3102 Con-

1068 3141 1531 3233 stitutiones
1584 3142 2260 3255 Congregation‘is
2326 3173 2649 3234 nostrae
2724 3146 3254 3258 Monasticae.
3325 3148 3533 3233 Item
3608 3146 4065 3260 promitto,
4143 3169 4236 3225 ac
4314 3167 4455 3222 vo·

1069 3289 1278 3367 ven,
1343 3290 1477 3344 me
1529 3263 1845 3347 nullam
1911 3263 2395 3376 dignitatem
2450 3270 3018 3386 quaesiturum
3057 3330 3080 3375 ,
3149 3272 3321 3354 sive
3371 3269 3477 3351 in.
3547 3290 3817 3352 nostra
3870 3260 4455 3373 Congregatio·

1072 3408 1181 3463 ne
1216 3442 1245 3482 ,
1315 3381 1488 3463 sive
1549 3405 1822 3489 extra,
1893 3416 2049 3470 nec
2108 3388 2616 3477 ambitutum
2668 3420 2816 3504 per
2867 3421 3002 3476 me
3065 3392 3394 3503 ipsum,
3462 3418 3616 3472 nec
3680 3417 3828 3502 per
3910 3384 4110 3469 alios
4159 3409 4455 3495 procu-

1078 3521 1448 3583 raturum
1490 3564 1518 3604 ,
1600 3533 1874 3620 neque
1918 3506 2274 3594 *subdole
2350 3531 3021 3622 aucupaturum,
3088 3540 3362 3625 neque
3436 3510 3687 3593 etiam
3774 3525 4390 3617 acceptaturum
4431 3560 4455 3603 ,

1078 3621 1233 3703 nisi
1301 3615 1544 3704 adid
1595 3652 1730 3708 me
1800 3631 2157 3736 coegerit
2235 3628 2677 3742 imperium
2752 3629 3210 3743 Superioris
3262 3632 3482 3735 mei,
3535 3630 3671 3714 cui
3749 3617 4460 3731 teneorbbedire.

1080 3737 1330 3835 XIX.
1401 3738 1483 3822 Si
1537 3736 1922 3830 Novitius
1991 3746 2401 3836 Ordinem
2467 3748 2979 3852 deseruerit,
3043 3772 3293 3866 atque
3362 3746 3467 3834 ad
3519 3747 3949 3834 saeculum(
4008 3741 4263 3828 fuerit
4338 3770 4483 3835 re·,

1082 3888 1368 3945 versus
1403 3922 1428 3965 ,
1493 3892 1633 3947 seu
1689 3889 1981 3978 sponte
2031 3900 2175 3953 sua
2213 3931 2238 3977 ,
2304 3902 2450 3956 seu
2504 3868 3182 3981 Congregationis
3231 3867 3836 3954 Monachorum
3904 3862 4293 3972 suffragio
4343 3856 4464 3945 ‹li-

1083 3982 1427 4086 missus,
1495 4013 1662 4067 non
1717 3989 1875 4070 erit
1921 3989 2219 4075 iterum
2278 3988 2853 4105 recipiendus,
2907 3993 3061 4076 nisi
3112 4013 3535 4075 annuente
3588 3987 4246 4097 Congregatione
4303 3979 4468 4065 He·

1084 4129 1632 4212 gumenorum
1678 4137 1695 4185 ε
1762 4108 1998 4225 sique
2047 4108 2345 4195 horum
2401 4115 2803 4224 permissu
2854 4133 3233 4224 receptus
3268 4171 3292 4215 ,
3357 4132 3649 4222 sponte
3696 4140 3841 4192 sua
3880 4170 3916 4212 ,
3960 4128 4104 4191 aut
4150 4138 4195 4190 a
4248 4099 4471 4187 Con·

1086 4224 1554 4332 gregatione
1605 4225 2205 4315 Monachorum
2263 4230 2646 4317 dimissus
2698 4228 2945 4318 fuerit
2980 4293 3006 4338 ,
3073 4260 3502 4348 nunquam
3557 4225 3951 4341 deinceps
4000 4228 4464 4339 recipiatur.

1091 4341 1264 4449 Qui
1329 4375 1525 4431 vero
1574 4370 1757 4457 post
1804 4352 2154 4462 primam
2199 4348 2799 4447 ,discessionem
2877 4373 3256 4467 receptus
3294 4346 3574 4439 ,fuerit
3607 4414 3635 4453 ,
3684 4338 4230 4461 'probationis
4292 4349 4471 4457 ejus

965 4487 975 4496 ·
1092 4495 1359 4550 annus
1423 4496 1464 4548 a
1518 4462 1653 4550 die
1717 4466 2028 4558 reditus
2087 4496 2609 4586 supputetur,
2651 4473 3146 4588 necprioris
3197 4471 3624 4583 Tyrocinii
3696 4470 3862 4554 ulla
3914 4470 4122 4552 ratio
4171 4464 4470 4551 hahea-

1095 4606 1264 4668 tur,
1319 4587 1518 4670 XX.
1578 4588 1661 4671 Si
1713 4591 2098 4678 Novitius
2149 4627 2191 4677 a
2257 4595 2673 4707 proposito
2728 4595 3161 4695 resilierit,
3227 4614 3310 4676 et
3395 4587 3499 4674 ad
3550 4590 3974 4676 saeculum
4030 4584 4278 4674 fuerit
4347 4616 4469 4669 re-

1091 4732 1373 4791 versus
1410 4770 1433 4813 ,
1513 4734 1762 4831 atque
1815 4712 1927 4797 ibi
1982 4712 2086 4798 ad
2139 4715 2426 4807 Sacros
2480 4711 2843 4799 Ordines
2894 4708 3253 4800 eundem
3315 4712 3780 4823 promoveri
3835 4710 4323 4817 contigerit,
4376 4708 4473 4789 si·

1102 4857 1204 4912 ne
1255 4821 1657 4943 Congreg.
1698 4836 2115 4950 ‘permissu
2177 4831 2700 4947 recipiendus
2739 4866 2901 4923 non
2959 4856 3101 4918 est.
3153 4830 3397 4917 XXI.
3440 4830 3631 4917 Nec,
3673 4828 4010 4932 Abbas,
4052 4861 4204 4913 nec
4256 4827 4474 4912 Con.-

1097 4959 1455 5062 gregatio
1508 4954 2112 5057 Monachorum
2191 4952 2574 5065 suffragia
2640 4953 2852 5056 ferre
2901 4975 3175 5069 potest
3227 4983 3373 5064 pro
3424 4948 3920 5039 admissione
3982 4949 4295 5034 Novitii
4376 4943 4507 5033 ad-

1096 5075 1679 5186 professionem
1737 5076 2047 5192 absque
2117 5076 2467 5161 Abbatis
2521 5074 2948 5161 Generalis
3003 5102 3441 5159 consensu·
3491 5073 3627 5156 vel
3680 5100 4055 5184 expresso
4092 5131 4114 5174 ,
4179 5070 4315 5154 vel
4371 5089 4481 5152 ta*

1097 5197 1321 5302 cite,
1388 5227 1637 5313 quem
1683 5199 1844 5284 -ille
1894 5199 2070 5280 sine
2123 5198 2481 5310 legitima
2556 5225 3148 5306 causanegare
3199 5223 3362 5277 non
3430 5188 3736 5278 debet:
3809 5213 3889 5274 et
3958 5193 4111 5276 nisi
4164 5219 4480 5303 expres-

1095 5349 1232 5424 se,
1300 5341 1385 5404 et
1438 5322 1924 5408 nominatim
2014 5319 2497 5429 negaverit,
2562 5313 2760 5402 dare
2841 5344 3337 5402 consensum
3421 5311 3882 5399 censendus
3970 5334 4112 5398 est.
4193 5306 4477 5394 XXII.

1095 5438 1316 5525 Cum
1371 5463 1694 5556 tempus
1744 5430 2251 5553 probationis
2327 5435 2712 5522 Novitius
2776 5438 3282 5552 expleverit,
3336 5454 3419 5517 et
3465 5431 3873 5546 professus
3924 5429 4174 5517 fuerit
4223 5492 4247 5538 ,
4312 5429 4488 5513 Ab·

1096 5558 1244 5649 has
1285 5559 1388 5648 ad
1440 5561 1933 5650 Generalem
1990 5561 2406 5647 Abbatem
2473 5554 2580 5644 de
2629 5555 2924 5646 eodem
2977 5556 3234 5643 resera
3259 5578 3313 5640 t.
3380 5552 3711 5645 XXltt.
3767 5553 3955 5641 Non
4006 5552 4491 5666 permitten-
