4834 6409
428 477 835 585 Urbanus
888 464 1135 602 Vilis
1178 469 1704 578 eiciemens
1750 487 1866 576 X.
1921 446 2285 577 Romani
2323 484 2773 580 Pontifices
2820 482 3499 580 Praedecessores
3555 400 3821 579 *amitti

425 646 578 732 per
630 646 817 702 suas
865 611 1023 699 hac
1073 615 1156 698 in
1214 639 1309 696 re
1375 603 2199 724 editaseApostolicas
2239 601 2559 704 Literas
2595 675 2618 721 ,
2676 641 2839 698 non
2894 607 3147 696 modo
3193 609 3680 729 Epis-copiis,
3729 635 3819 699 et

441 735 800 840 Vicariis
848 732 1348 847 Apostolicis
1378 795 1410 836 ,
1438 729 1588 816 sed
1637 719 1855 822 etam
1908 733 2343 851 quibusvis
2390 734 2901 847 Presbyteris
2937 789 2970 840 5
3016 734 3188 819 sive
3234 733 3819 840 saecularibus,

430 860 608 944 sive
657 853 1174 967 regularibus
1236 855 1851 971 cujuscumque
1915 843 2315 964 Ordinis,
2382 877 2466 944 et
2517 851 2944 974 instituti,
3005 855 3174 939 imo
3247 856 3496 940 etiam
3547 853 3819 945 laicis

432 974 542 1064 ad
588 973 877 1082 Indias
924 972 1447 1081 Orientales,
1514 995 1623 1060 εειΙ
1653 993 1927 1096 partes
1979 973 2367 1061 Sinarum
2429 971 3023 1062 accedentibus
3073 974 3820 1090 amplissime·con·7

432 1113 907 1200 cesserunt,
948 1123 1209 1182 suum
1259 1092 1577 1204 scilicet
1628 1096 1785 1210 iter
1819 1155 1852 1201 ,-
1897 1115 1982 1181 et
2028 1087 2637 1205 navigationem
2686 1123 2837 1210 per
2883 1123 3452 1212 quascumque
3501 1097 3828 1187 vias-si-

432 1216 526 1302 bi
577 1217 793 1322 bene
839 1218 1050 1302 visas
1088 1212 1602 1329 suscipiendi
1640 1276 1667 1321 ,
1730 1215 1993 1301 libere
2065 1241 2218 1334 per
2285 1216 2811 1303 Lusitaniam
2878 1213 3449 1329 proficiscatur
3482 1275 3520 1322 ,-
3575 1238 3829 1337 atque

435 1334 634 1424 ind’e
692 1337 1307 1447 navigationem
1358 1330 1466 1420 ad
1531 1325 1781 1421 Sinas
1837 1336 2247 1448 suscipiat.
2314 1332 2559 1423 Hanc
2622 1345 2871 1454 p'orro
2932 1330 3611 1423 deliberationem
3666 1334 3826 1423 hac

436 1460 625 1544 vice
686 1456 1038 1569 amplexi
1101 1484 1388 1540 sumus
1457 1485 1627 1541 non
1693 1486 1797 1542 eo
1861 1449 2203 1574 quidem
2279 1460 2561 1543 animo
2602 1511 2636 1561 ,s
2692 1476 2790 1540 ut
2851 1455 2936 1539 in
3015 1455 3266 1540 usum·
3343 1485 3827 1544 revocemus

438 1579 910 1694 antiquiora
959 1574 1100 1660 illa
1138 1570 1478 1688 ‚decreta
1513 1638 1540 1683 ,
1606 1576 1918 1697 quibus
1980 1573 2365 1687 Religiosi
2426 1569 2610 1662 Viri
2674 1570 3097 1660 ordinum
3159 1573 3828 1663 Mendica‘ntium

438 1693 562 1800 ad,
599 1717 868 1813 partes
922 1694 1291 1782 Orientis
1325 1757 1351 1802 ,
1415 1719 1512 1782 ut
1560 1696 1769 1783 inibi
1834 1698 2231 1783 Sanctum
2279 1696 2835 1809 Evangelium
2881 1691 3494 1816 praedicarent,
3555 1692 3829 1812 profe·

371 1903 377 1912 ,
442 1820 662 1910 cturi
724 1816 969 1904 aliam
1006 1878 1032 1922 ,
1072 1847 1353 1933 quam
1429 1816 1906 1905 Lusitaniae
1965 1818 2186 1930 viam
2269 1839 2562 1905 tenere
2629 1814 3288 1932 prohibebantur
3333 1878 3394 1926 ,ε
3451 1815 3826 1936 adeoque

356 2044 361 2049 .
441 1936 1032 2043 Missiouariis,
1069 1956 1156 2023 et
1202 1935 1605 2021 Ministris
1655 1935 2149 2050 Apostolieis
2200 1934 2426 2022 illam
2480 1932 2949 2024 adimamus
2992 1937 3456 2027 libertatem
3486 2000 3512 2047 ,
3576 1949 3832 2058 quam

437 2054 857 2172 praefatae
919 2055 1415 2142 recentiores
1477 2049 2505 2145 Pontifieiae'Sanctiones
2571 2059 2768 2171 irpsis
2841 2055 3282 2170 indulgent
3343 2089 3514 2173 „per
3590 2090 3831 2178 quas-

450 2208 820 2294 cumque
871 2176 1123 2281 alias,
1190 2205 1395 2294 quas
1453 2177 1947 2284 maluerint,
2011 2180 2187 2264 vias
2239 2178 2441 2264 illuc
2486 2175 3066 2293 proficiscendi
3100 2237 3137 2287 ,a
3192 2179 3628 2298 multoque
3674 2181 3831 2266 mi·

440 2325 608 2381 nus
660 2329 761 2382 eo
829 2298 1172 2381 consilio
1207 2358 1230 2402 ,
1299 2318 1397 2381 ut
1443 2296 1868 2384 visitatori
1926 2297 2411 2412 Apostolico
2459 2330 2689 2386 nunc
2739 2297 3147 2387 mittendo
3169 2335 3212 2405 ·,
3245 2305 3480 2387 ‘ac-ei
3529 2297 3828 2416 adj-un·

456 2414 751 2526 gendis
815 2415 1354 2501 Missionariis
1414 2447 1455 2501 a
1511 2408 1935 2537 quoquam
1983 2422 2573 2532 impetremus,
2637 2420 2774 2507 vel
2821 2421 3068 2506 etiam
3122 2420 3313 2533 ipsis
3376 2421 3823 2534 tribui..pa·

454 2540 760 2621 tiamur
824 2537 1242 2621 licentiam
1297 2537 1550 2622 ullam
1592 2601 1616 2642 ,
1681 2561 1825 2623 aut
1871 2540 2496 2651 permissionem
2547 2535 2919 2626 obeundi
2971 2543 3055 2625 in
3123 2541 3512 2626 Sti-narum
3562 2540 3833 2655 Impe-

444 2659 626 2770 rin,
694 2655 1038 2774 aliisque
1092 2653 1524 2741 Indiarum
1577 2657 2136 2742 Orientali-um
2188 2658 2492 2769 Regnis
2539 2659 3158 2766 Ministerium,
3214 2659 3442 2777 quod
3493 2662 3656 2746 illis
3707 2664 3866 2765 ixx-,-

434 2780 921 2892 jun-ximus3
987 2807 1183 2862 cum
1237 2769 1629 2863 omnibus
1705 2780 1895 2862 satis
1954 2773 2535 2892 perspectum,
2589 2801 2860 2896 atque·
2914 2779 3424 2893 exploratum
3459 2783 3595 2864 sit
3657 2779 3819 2866 Ro-

443 2917 799 3008 manum
847 2891 1339 2983 Pontificem
1406 2915 1873 3014 supremam
1910 2960 1941 2999 ,
2001 2920 2085 2982 et
2119 2894 2823 3011 independentem
2860 2929 3020 3012 pro
3057 2897 3461 3018 spirituali
3512 2901 3822 2988 anima-

443 3045 636 3099 rum
701 3019 1110 3123 regimine
1183 3020 1269 3100 in
1329 3023 1714 3106 universo
1782 3033 2188 3104 terrarum
2253 3017 2500 3103 Or-be
2571 3019 3150 3106 auctoritatem
3196 3018 3593 3127 babere,
3663 3052 3819 3109 nec

457 3129 565 3216 ad
631 3131 1081 3217 mittendos
1138 3133 1578 3246 Operarios
1615 3201 1639 3244 ,
1705 3141 1855 3255 qui
1902 3137 2426 3249 Religionem·
2479 3136 3087 3245 Christianam,
3154 3138 3625 3260 Fidemque
3670 3140 3833 3229 Ca·

456 3247 857 3336 thelicam
917 3250 1140 3366 apud
1195 3253 1586 3348 infideles
1618 3255 2095 3369 praedicent
2125 3315 2159 3364 ,-
2215 3262 2784 3367 annuncient,
2852 3260 3246 3346 roborent
3278 3325 3321 3368 ‚.
3371 3284 3458 3348 et
3507 3293 3835 3376 promo·

444 3393 758 3476 veant,
829 3371 1076 3496 ullius
1136 3369 1470 3482 fidelis,
1528 3376 1664 3464 vel
1735 3374 2119 3465 infidelis
2181 3379 2547 3494 cujusvis
2612 3402 2870 3466 status
2905 3444 2931 3486 ,
2999 3378 3370 3496 gradus»,
3429 3379 3835 3470 conditio-

336 3583 345 3606 :
451 3493 585 3576 nis
622 3552 647 3596 ,
712 3513 796 3576 et
846 3489 1265 3604 dignitatis
1326 3498 1576 3582 etiam
1631 3496 1935 3609 Regiae
1978 3500 2271 3584 existat
2303 3563 2329 3605 ,
2395 3500 2728 3587 licentia
2761 3564 2800 3606 ‚.
2853 3502 2990 3589 vel
3055 3532 3458 3587 consensu
3519 3499 3837 3614 indige·

457 3640 570 3696 re.
620 3609 1083 3723 ‘Ejusmodi
1127 3638 1403 3701 autem
1468 3618 1903 3703 eonsilium
1961 3648 2054 3704 ea
2120 3615 2544 3706 dumtaxat
2607 3623 2922 3708 ratione
2973 3623 3429 3724 inivimus,
3493 3644 3589 3708 ut
3662 3655 3836 3712 me-

338 3726 345 3732 ’
452 3733 755 3815 morati
792 3730 1251 3820 visitatoris
1312 3767 1555 3852 opera
1606 3734 1924 3824 debitas
1988 3737 2199 3848 Regi·
2242 3739 2789 3853 portugalliae
2837 3746 3136 3852 gratias
3170 3773 3568 3852 agamus,
3599 3742 3830 3863 quod

459 3880 761 3964 opem,
826 3853 1501 3973 praesidiumque
1548 3887 1791 3943 suum
1837 3889 2003 3978 pro·
2038 3855 2256 3945 felici
2310 3858 2561 3972 hujus
2607 3886 2934 3949 nostrae
2995 3862 3537 3977 expeditionis
3587 3894 3834 3953 even-

461 3993 560 4057 tu
609 3970 970 4084 benigne
1032 3973 1297 4060 Nobis
1345 3977 1802 4090 obtulerit3
1866 4011 1962 4065 ac
2020 3980 2365 4094 ipsemet
2408 3982 2806 4068 visitator
2840 4045 2865 4090 ,
2930 3986 3292 4101 ejusque·
3332 3986 3547 4070 Socii
3601 3984 3840 4096 Regii

454 4094 898 4205 patrocinii
982 4089 1402 4202 fructum,
1469 4120 1553 4184 et
1631 4096 2101 4184 commoda·
2156 4102 2538 4215 experiri
2594 4105 2996 4220 incipiant
3047 4166 3072 4210 ,
3149 4101 3392 4189 unde.
3440 4105 3843 4191 omnibus·

461 4234 998 4325 perspectum
1036 4211 1441 4324 ,reddatur
1488 4216 1911 4305 Joannem‘
1948 4217 2057 4304 Ve
2090 4217 2641 4333 Portugalliae
2692 4222 3012 4336 Regem
3056 4225 3461 4311 constanti
3512 4255 3668 4311 sua
3710 4255 3836 4311 er-

459 4355 565 4442 ga
615 4332 1193 4443 Apostolieam·
1237 4330 1540 4423 Sedem
1593 4343 2104 4448 reverentia,
2166 4371 2281 4427 ae
2315 4340 2604 4428 studio·
2644 4343 2889 4458 plane
2950 4342 3188 4430 filiali-
3243 4345 3589 4431 minime
3636 4348 3837 4434 vin·-

458 4450 541 4534 ei
622 4449 991 4537 voluisse
1055 4484 1100 4538 a
1168 4454 1631 4572 clarissimis
1691 4457 2152 4574 Maioribus
2214 4461 2395 4547 suis·
2445 4463 2813 4577 inclytae
2880 4467 3326 4552 memoriae
3405 4465 3832 4576 Regibus,

327 4632 330 4635 ·
461 4570 612 4775 3st
678 4601 853 4656 non·
909 4593 1078 4692 tam
1130 4574 1546 4663 bellorum
1629 4602 1913 4667 contra
1994 4577 2403 4669 Infideles-
2451 4580 2775 4671 fortiter
2850 4606 3269 4697 gestorum·
3345 4586 3600 4699 gioria
3652 4651 3681 4692 ,
3744 4620 3839 4673 ac

555 4688 1015 4780 rthodoxae
1081 4691 1533 4808 Religionis
1594 4696 1767 4787 fere
1843 4701 2059 4788 ultra
2144 4703 2402 4806 solis,
2494 4707 2874 4825 annique·
2937 4707 3110 4794 vias
3188 4711 3841 4823 propagatione,

469 4840 724 4928 qua-m
780 4809 1071 4932 fideli,
1135 4837 1639 4938 strenuaque
1715 4819 2089 4936 ejusdem
2145 4821 2593 4934 Religionis
2654 4825 2920 4912 tutela
2985 4855 3368 4942 magnam
3421 4826 3646 4942 apud
3692 4827 3843 4913 ho·

468 4932 736 5016 mines
794 4929 1136 5019 laudem
1165 4993 1188 5039 ,
1241 4961 1325 5022 et
1371 4943 1705 5055 maj'ora'
1735 4938 1962 5054 apud
2011 4941 2289 5029 Deum
2346 4942 2787 5058 OPtimum
2836 4945 3308 5034 Maximum·
3349 4950 3502 5034 sibi
3553 4950 3854 5035 merita-

468 5075 994 5165 pepererunt.
1063 5052 1506 5180 Caeterum
1542 5123 1573 5163 ,
1642 5091 1813 5185 quo
1873 5059 2098 5147 idem
2145 5062 2543 5150 Visitator
2603 5068 2893 5177 majori
2957 5098 3151 5154 cum
3212 5066 3844 5156 honorificentia

471 5166 578 5254 ad
624 5169 789 5257 Dei
850 5161 1199 5283 gloriam
1230 5235 1259 5280 ,
1307 5177 1954 5299 animarumque
2000 5185 2588 5297 pretiosissimo
2636 5184 2978 5272 D'omini
3019 5188 3300 5277 Nostri
3349 5187 3549 5276 Jesu
3595 5186 3809 5272 Chri

471 5291 581 5376 sti
642 5291 1064 5403 Sanguine
1113 5291 1729 5412 redemptarum
1784 5301 2133 5390 salutem
2184 5324 2420 5389 tanto
2475 5305 2632 5391 sibi
2685 5340 2728 5392 a
2777 5306 3046 5394 Nobis
3125 5305 3625 5397 demandato
3686 5307 3856 5393 Mi.-

473 5413 817 5498 nisterio
870 5410 1109 5527 fungi
1171 5416 1443 5506 valeat
1476 5480 1514 5527 ,
1568 5419 2099 5510 patriarcba-li
2150 5455 2351 5511 eum
2393 5428 2640 5514 titulo
2703 5423 3101 5517 decorare·
3155 5426 3665 5518 intendimus
3715 5459 3847 5518 ce*-

470 5529 960 5657 leberrimae
1021 5535 1443 5632 Ecclesiae
1488 5539 2099 5638 Alexandrinae
2134 5608 2161 5656 ,
2227 5577 2443 5668 quae
2493 5548 2807 5639 scilicet
2858 5554 3045 5670 jure
3096 5553 3413 5671 optimo
3461 5586 3507 5643 a
3557 5554 3858 5674 prim-is.
