4834 6409
398 617 584 741 gata
609 642 640 735 ,'
704 648 789 716 et
838 624 1145 716 abolita
1182 639 1218 733 3
1260 624 1749 748 viribusque
1779 686 1804 734 ‚
1865 643 1951 716 et
2008 620 2320 716 effectu
2363 649 2627 714 vacua
2677 633 2917 734 esse,
2981 617 3370 752 et²sore3
3428 624 3787 738 nemini-

398 778 566 864 que
636 749 1059 838 ullatenus
1133 744 1558 860 suffragari
1590 809 1615 853 ,
1684 775 1957 866 neque
2005 743 2113 836 de
2164 769 2440 835 cetero
2477 757 2533 833 -a'
2584 775 3009 866 quoquam
3058 733 3422 871 ,cosmedi
3481 773 3776 861 posset

397 869 910 989 Sicqueper
954 899 1541 990 quoscumque
1587 866 1927 961 Iudices
2013 866 2531 973 ordinarios,
2600 887 2684 952 et
2744 863 3161 977 delegatos
3235 865 3488 951 etiam
3567 863 3789 966 Cau·
3833 854 4178 1017 Μθῡᾶθὲῑῑ·

403 1019 681 1076 sarum
731 990 1027 1094 Palatii
1081 989 1536 1107 Apostolici
1592 987 2036 1098 Auditores
2084 988 2436 1105 judicari
2473 1052 2499 1095 ,
2565 1010 2650 1104 et
2698 983 3030 1073 definiri
3097 984 3406 1100 debere
3439 1016 3629 1110 5'ac
3680 972 4055 1109 ir-{ffl
4095 976 4173 1108 fl,

411 1110 668 1196 ritu'm
704 1170 730 1219 ‚
783 1132 867 1198 et
896 1107 1162 1214 'inane
1208 1113 1277 1198 si
1326 1141 1560 1198 secus
1608 1141 1855 1226 super
1899 1108 2030 1195 his
2072 1125 2124 1195 'a
2176 1135 2599 1228 quoquam
2647 1110 2940 1229 quavis
2979 1107 3477 1192 ‘auctoritate
3525 1109 3786 1195 scien·
3809 1146 4105 1204 terarum.

412 1249 545 1316 ter
579 1288 607 1337 ,
653 1229 789 1317 vel
839 1232 1313 1343 ignoranter
1363 1231 1800 1344 contigerit
1848 1235 2260 1344 attentari,
2312 1223 3413 1316 decernimus..Maudantes
3460 1251 3790 1342 propte·

416 1378 552 1435 rea
591 1412 619 1457 ,
686 1351 774 1435 in
825 1353 1134 1454 Yirtute
1182 1374 1510 1460 sanetae
1561 1348 2084 1464 obedientiae
2108 1412 2143 1464 ,
2195 1381 2291 1436 ae
2342 1349 2500 1464 sub
2549 1348 3471 1470 excommunicationis3
3512 1350 3791 1461 priva-

404 1468 1231 1589 tionisquesssudrum
1301 1447 1825 1580 officiorum,
1888 1467 2709 1589 vocisque'activae,
2776 1490 2862 1554 et
2906 1461 3275 1581 passivae
3350 1470 3638 1581 poeuis
3685 1499 3789 1553 eo

407 1588 589 1702 ipso
650 1591 1105 1700 incur-ren„
1168 1590 1750 1704 dilectisfiliis
1832 1590 2221 1689 Generali
2261 1652 2286 1697 ,
2350 1591 2698 1712 aliisque
2759 1584 3029 1673 dictae
3106 1585 3788 1700 congregationis

409 1708 891 1798 Abbatibus‘
917 1775 948 1816 ,
1012 1736 1100 1801 et
1146 1713 1787 1828 Superioribus,
1848 1732 1945 1797 ut
1992 1714 2611 1830 quamprimum
2659 1707 3130 1825 praesentes
3195 1728 3520 1795 nostrae
3605 1708 3789 1795 lite·

403 1857 545 1915 rae
623 1827 728 1915 ad
809 1861 1097 1919 eorum
1185 1837 1563 1921 notitiam
1625 1836 2158 1948 pervenerint
2206 1894 2231 1938 ,
2297 1859 2647 1936 omneS,
2703 1851 2794 1916 et
2873 1826 3243 1940 singulos
3324 1825 3785 1916 Monachos

403 1944 1092 2062 congregationis
1155 1950 1636 2069 hujusmodi
1721 1952 2016 2038 similia
2085 1949 2410 2038 indulta
2456 2015 2482 2060 ,
2564 1949 2988 2076 privilegia
3027 2012 3053 2055 ,
3117 1952 3717 2062 praerogativas
3755 2014 3826 2062 ,p

380 2066 965 2182 'immunitates
1002 2134 1028 2180 ,
1108 2096 1192 2159 et
1240 2075 1794 2187 exemptiones
1857 2071 2260 2188 habentes
2308 2067 2498 2158 illos
2541 2101 2644 2158 eo
2706 2075 2884 2185 ipso
2933 2071 3326 2182 ‘privatos
3371 2133 3405 2173 ,
3468 2092 3553 2155 et
3599 2100 3788 2185 spo-

372 2184 637 2274 ·‘liatos
704 2219 880 2300 esse
948 2189 1436 2302 declarent,
1501 2223 1657 2310 nec
1706 2207 2215 2312 'quemquam
2266 2189 2430 2277 illis
2490 2193 2615 2277 uti
2663 2194 3006 2294 sinant,
3063 2189 3203 2277 vel
3264 2185 3777 2304 permittant,
3901 2279 3909 2288 ,
4015 2265 4022 2273 .
4127 2257 4134 2266 .

372 2306 975 2398 ‘inobedientes
1024 2313 1440 2431 quoslibet
1474 2375 1499 2420 ,
1564 2336 1648 2424 et
1697 2314 2048 2401 rebelles
2125 2313 2613 2436 opportunis
2661 2314 2867 2432 juris
2905 2373 2929 2418 ,
2997 2332 3085 2395 et
3144 2306 3338 2400 faeti
3391 2308 3783 2401 remediis
3859 2377 3866 2385 .

396 2428 628 2540 juxta
681 2429 1113 2542 Regularia
1165 2432 1847 2546 congregationis
1883 2497 1906 2542 ,
1971 2457 2055 2528 et
2106 2430 2453 2522 Ordinis
2503 2431 3122 2550 praedictorum
3185 2431 3505 2518 Statuta
3556 2431 3783 2550 AP⁰.‘'
3851 2443 3870 2540 ᾗ

390 2546 675 2635 stolica
751 2555 1281 2658 Auctoritate
1343 2553 1826 2672 confirmata
1889 2556 2117 2640 omni
2150 2615 2175 2659 ,
2226 2577 2325 2674 ‚⁰²
2373 2553 2910 2674 quacumque
2951 2550 3510 2666 appellatione
3557 2614 3586 2658 ,
3641 2579 3779 2680 -re-

376 2666 894 2757 clamatione
932 2736 957 2779 ,
1018 2697 1125 2784 et·
1183 2691 1523 2761 recursu
1568 2676 1909 2782 remotis
1971 2671 2601 2789 compescendo.
2861 2685 2868 2698 ’
3055 2669 3098 2744 ',
3575 2673 3582 2684 '
4115 2719 4126 2730 ·

490 2798 578 2896 S.
658 2819 731 2876 r.
794 2781 1579 2884 Non'obstantibus
1629 2779 2315 2912 pcaemissis-,ae
2392 2783 2829 2912 quibusvis
2893 2791 3198 2877 Litoris
3277 2789 3777 2907 Apostoliels
3829 2784 4166 2943 0¹⁸³&ss

386 2937 641 3021 super
692 2915 1224 3000 concessione
1259 2979 1290 3019 ,
1338 2944 1483 3002 seu
1515 2913 2155 3002 confirmatione
2191 2907 2766 3019 Indultorum,
2819 2913 3496 3038 Privile'gioium»,
3545 2911 3777 3029 prae·
3800 2897 4094 3059 gxii„
4143 2917 4165 2930 ’

389 3032 949 3135 rogatistarum
1003 3095 1028 3138 ‚
1098 3039 1723 3146 immunitatum
1761 3100 1785 3144 ,
1873 3057 1967 3122 et·
2008 3038 2660 3157 *exemptionum
2736 3027 3773 3149 hujusmodi-emanans,

389 3144 743 3265 aliisque
788 3149 1623 3266 constitutionibus,
1664 3177 1759 3270 'et
1806 3153 2505 3274 ordinationibus
2555 3153 3104 3270 Apostolicis,
3157 3157 3497 3244 necnon
3547 3153 3777 3244 Con-

386 3270 879 3379 gregationis
915 3334 941 3386 ,
1002 3287 1087 3359 et
1135 3271 1497 3388 Ordinis,
1528 3274 2195 3390 praedictorum,
2258 3266 2505 3362 etiam
2559 3281 3032 3391 juramento
3066 3273 3777 3380 ,confirmatione

387 3388 866 3500 Apostolica
899 3454 923 3496 ‚
988 3389 1125 3480 vel
1170 3398 1464 3514 quavis
1529 3395 1929 3483 firmitate
1968 3397 2122 3484 alia
2175 3389 2579 3482 rohoratis
2623 3393 2954 3482 'statutis
3004 3458 3029 3501 ‚
3100 3419 3200 3482 et.
3244 3398 3776 3490 consuetudi-

370 3507 634 3594 nibus
670 3572 695 3616 ,
760 3512 1239 3630 privilegiis*
1285 3548 1622 3636 quoque
1656 3583 1687 3623 ,
1737 3513 2113 3603 ·induttts
2141 3580 2166 3624 ,
2231 3541 2316 3604 et
2362 3519 2622 3603 liten‘s
2674 3517 3172 3631 Apostolieis
3219 3517 3382 3601 sub
3430 3519 3776 3635 quibus-=

391 3657 754 3750 eumque
816 3632 1273 3747 'verborum
1324 3638 1803 3745 tenoribus,
1872 3662 1955 3723 et
2015 3633 2298 3723 formis
2334 3698 2358 3743 ‚
2427 3668 2521 3725 ac
2573 3665 2772 3754 cum
2820 3637 3260 3757 quibusvis
3326 3640 3572 3724 etiam
3629 3638 3772 3727 de·
3821 3739 3826 3744 ⁸

386 3749 981 3864 rogatoriarum
1065 3752 1598 3868 derogator-iis
1649 3821 1672 3866 ,
1745 3761 2091 3877 aliisque
2172 3747 2781 3844 efficacioribus
2814 3822 2844 3863 ,
2939 3755 3526 3845 efficacissimis
3578 3828 3601 3867 ‚
3683 3786 3771 3848 et

386 3868 734 3957 insolitis
783 3873 1172 3960 clausulis
1219 3879 1786 3992 irritantibus,
1848 3902 1934 3965 et
1984 3880 2162 3994 aliis
2246 3875 2597 3966 decretis
2658 3880 2745 3963 in
2811 3884 3319 3966 contrarium
3381 3887 3771 3996 praemis-

382 4017 669 4094 sorum
719 3993 1348 4112 quomodolibet
1400 4003 1868 4112 concessis,
1922 3993 2478 4105 confirmatis,
2541 4022 2631 4085 et
2677 4000 3113 4086 innovatis.
3183 3997 3519 4109 Quibus
3594 4003 3768 4090 om·
3849 4013 3856 4022 '

374 4109 640 4196 itibus
668 4176 697 4215 ,
738 4137 830 4200 et
882 4117 1222 4227 singulis
1273 4121 1590 4205 etiamsi
1662 4152 1819 4235 pro
1867 4119 2199 4212 illorum
2265 4117 2712 4206 sufficienti
2786 4118 3316 4233 derogatione
3381 4120 3490 4208 de
3540 4124 3704 4209 illis
3738 4188 3763 4229 ,

388 4253 849 4349 eorumque
899 4239 1092 4319 totis
1164 4240 1597 4325 tenoribus
1644 4241 2070 4354 specialia,
2141 4237 2565 4356 specifica,
2615 4263 2987 4355 expressa
3039 4305 3064 4347 ,
3127 4265 3211 4326 et
3274 4239 3704 4331 individua
3738 4308 3766 4352 ‚
3851 4297 3862 4306 ·

372 4351 491 4431 'ac
538 4345 645 4435 de
693 4354 952 4439 verbo
1002 4351 1109 4439 ad
1144 4355 1529 4468 'verbum'
1566 4375 1771 4443 ³non
1847 4381 2125 4447 autem·
2178 4393 2369 4476 per·
2409 4355 2818 4448 clausulas
2867 4361 3287 4472 generales
3337 4359 3570 4456 idem·
3617 4368 3769 4452 im-

387 4491 810 4582 portantes
859 4476 1221 4582 m'enti0,
1288 4508 1434 4568 seu
1485 4484 1822 4599 quaevis
1874 4481 2029 4567 alia
2078 4485 2488 4606 expressio
2538 4478 2924 4576 habenda
2955 4523 2988 4587 ·,
3065 4506 3210 4572 aut
3269 4481 3547 4603 aliqua
3609 4489 3768 4574 alia

389 4590 1092 4708 exquisita-forma
1146 4593 1253 4682 ad
1316 4596 1477 4686 hoc
1540 4597 1937 4687 servanda
1974 4598 2224 4689 ‘foret
2260 4621 2300 4708 ·,
2368 4597 2702 4687 illorum
2781 4621 3106 4698 tenores
3185 4606 3764 4717 praesentibus

387 4738 544 4821 pro
636 4712 935 4827 plene,
1004 4742 1090 4806 et
1169 4715 1679 4809 sufficienter
1775 4726 2224 4836 expressis,
2306 4719 2411 4808 ad
2491 4715 2844 4809 &erbum
2913 4721 3233 4808 insertis
3299 4722 3696 4818 habentes
3735 4792 3763 4836 ,

384 4826 554 4913 illis
602 4832 798 4920 alias
849 4838 934 4922 in
982 4865 1141 4924 suo
1190 4841 1486 4929 robore
1547 4848 2100 4958 permansuris
2157 4840 2261 4929 ad
2312 4846 2948 4957 praemissorum
2993 4838 3390 4932 effectum
3443 4845 3598 4932 hae
3648 4853 3767 4935 vi·

394 4976 492 5033 ce
540 4947 964 5043 dumtaxat
1010 4961 1524 5076 specialiter,
1590 4987 1675 5051 et
1736 4994 2107 5080 expresse
2182 4949 2734 5076 derogamus,
2789 4963 3260 5085 ‘ceterisque
3339 4967 3766 5058 contrariis

394 5068 1094 5197 quibuscumque.
2098 5081 2105 5086 ’
3508 5121 3516 5127 ·

511 5191 581 5292 S.
650 5224 729 5284 2,
795 5196 1204 5288 Volumus
1255 5222 1568 5308 autem,
1618 5228 1716 5291 ut
1749 5202 2228 5293 earumdem
2281 5207 2831 5322 praesentium
2885 5206 3307 5293 literarum
3360 5230 3765 5295 transum-

389 5312 607 5426 ptis,
688 5346 834 5403 seu
916 5326 1306 5438 exemplis
1341 5384 1366 5423 ‚
1432 5326 1678 5409 etiam
1758 5329 2165 5442 impressis
2251 5358 2510 5412 manu
2593 5326 2945 5440 alicujus
3043 5326 3361 5414 Notarii
3444 5330 3765 5444 publici

394 5431 928 5553 subscriptis,
1001 5465 1081 5529 et
1158 5443 1426 5556 sigillo
1480 5474 1878 5559 personae
1949 5449 2042 5532 in
2116 5444 2693 5535 Ecclesiastica
2781 5445 3177 5560 dignitate
3265 5452 3761 5541 constitutae

392 5557 737 5643 munitis
784 5621 808 5666 ‚
889 5559 1182 5651 eadem
1228 5561 1559 5682 prorsus
1635 5561 1845 5654 fides
1920 5565 2238 5687 ubique
2285 5568 2665 5656 locorum
2716 5565 3117 5655 habeatur
3164 5630 3190 5676 ,
3278 5603 3491 5694 quae
3568 5575 3763 5691 ipsis

394 5680 962 5785 praesentibus
1021 5680 1466 5776 haberetur
1490 5751 1521 5792 ,
1569 5689 1634 5773 si
1688 5685 1957 5777 forent
2019 5689 2431 5781 exhibitae
2466 5752 2490 5797 ‚
2551 5688 2684 5781 vel
2732 5712 3127 5777 ostensae.

2683 5807 2866 5897 Ha
