4834 6409
1031 478 1225 535 102³

1017 567 1320 655 dissitis
1393 566 1557 653 illis
1614 568 2089 679 reg-ionibus
2158 567 2424 688 aliqui
2457 631 2481 674 ,
2546 575 2695 654 seit
2744 565 3042 688 aliquis
3103 583 3151 654 e
3200 564 3740 654 Missionariis
3801 562 4232 660 eredentes
4280 557 4402 656 fa·

1023 691 1420 777 cultatem
1469 686 1877 802 ejusmodi
1930 722 1973 774 a
2029 687 2245 774 Sede
2302 688 2771 803 Apostolica
2823 684 3086 776 fuisse
3141 708 3616 777 renovatam
3689 716 3886 774 cum
3951 685 4420 799 neophytis

1018 808 1402 927 praefatis
1465 813 1561 893 in‘
1608 807 1850 893 dictis
1900 808 2291 920 gradibus
2366 811 2590 895 bona
2667 807 2837 896 fide
2900 806 3617 923 dispensaverint,
3681 830 3765 893 et
3827 838 3924 893 ea
3974 805 4084 892 de
4148 837 4403 896 causa

1018 934 1293 1050 aliqua
1344 934 1509 1016 sint
1558 961 1899 1014 censura
1940 928 2370 1037 innodati,
2411 932 2859 1051 cupiatque
2906 954 3336 1044 propterea
3376 925 3649 1014 dictus
3700 927 4193 1016 Procurator
4246 924 4414 1014 Ge-

1021 1054 1323 1138 neralis
1395 1046 1707 1135 nedum
1761 1049 2139 1137 eamdem
2226 1047 2698 1136 facultatem
2764 1047 2870 1136 ad
2923 1046 3154 1134 aliud
3204 1050 3467 1135 Nobis
3516 1049 4005 1135 benevisum
4088 1072 4412 1161 tempus

1017 1173 1499 1288 prorogari,
1566 1168 1710 1256 sed
1781 1173 2028 1256 etiam
2082 1171 2743 1262 Provincialibus
2806 1171 3136 1256 illarum
3212 1173 3629 1285 partium,
3696 1189 3778 1254 et
3866 1163 4412 1256 Confessariis

1024 1294 1375 1407 abipsis
1438 1289 1833 1401 delegatis
1899 1290 2362 1401 indulgeri,
2430 1317 2843 1413 quatenus
2891 1322 3238 1398 omnes,
3305 1314 3387 1376 et
3437 1319 4014 1410 quoscumque
4077 1290 4222 1408 qui
4273 1286 4400 1373 di·-
4514 1288 4527 1295 ’

1024 1438 1152 1500 cta
1212 1412 1605 1499 facultate
1655 1436 2091 1529 postquam
2167 1417 2678 1530 expiraverat
2724 1415 2850 1497 usi
2900 1409 3214 1498 fuerint
3274 1415 3358 1496 in
3413 1409 3592 1497 foro
3657 1413 4211 1506 conscientiae
4266 1410 4409 1496 ab·

1024 1534 1398 1638 solvere,
1464 1565 1559 1617 ac
1635 1531 2280 1645 dispensationes
2360 1534 2578 1618 bona
2631 1530 2799 1620 fide
2847 1561 3270 1620 concessas
3349 1554 3557 1616 ratas
3640 1530 3944 1617 habere
4028 1531 4400 1644 possint:

1023 1654 1249 1740 Hinc
1300 1675 1422 1738 est
1471 1650 1696 1769 quod
1750 1652 1920 1740 Nos
1976 1655 2474 1771 populorum
2523 1654 2853 1738 illorum
2905 1683 3005 1739 ex
3079 1653 3561 1762 gentilitatis
3643 1652 4066 1754 tenebris,
4130 1671 4213 1734 et
4275 1680 4401 1736 cr·

1022 1775 1348 1861 roribus
1403 1770 1508 1858 ad
1560 1775 1731 1859 veri
1788 1773 2125 1860 luminis
2177 1779 2679 1886 agnitionem
2711 1837 2735 1878 ,
2788 1796 2872 1860 et
2926 1770 3416 1858 christianae
3469 1766 3667 1856 fidei
3715 1774 4148 1857 veritatem
4204 1801 4401 1856 con-

1017 1925 1445 1980 versorum
1477 1956 1501 1998 ,
1566 1887 1649 1978 e't
1701 1894 1806 1978 ab
1859 1892 2012 1986 hac
2066 1898 2361 1982 Sancta
2415 1894 2628 1980 Sede
2681 1894 3410 1979 remotissimorum
3451 1893 3913 1978 animarum
3964 1891 4204 1976 saluti
4247 1952 4272 1996 ,
4311 1915 4398 1976 et

1021 2014 1591 2130 spiritualibus
1642 2016 2260 2101 necessitatibus
2311 2047 2459 2129 pro
2510 2016 2932 2130 pastoralis
2983 2009 3235 2098 officii
3288 2012 3568 2098 Nostri
3623 2043 3816 2098 cura
3868 2034 4396 2125 prospectum

1017 2165 1192 2220 esse
1255 2135 1734 2249 cupientes,
1800 2132 1903 2221 de
1952 2135 2583 2223 Venerabilium
2631 2132 2979 2220 fratrum
3044 2157 3514 2220 nostrorum
3568 2132 3649 2217 S.
3693 2130 3785 2215 R.
3841 2133 3942 2216 E.
4001 2128 4400 2217 Cardina-

1017 2255 1231 2360 lium
1314 2258 1400 2339 in
1485 2247 1649 2340 fota
1705 2256 2131 2370 republica
2194 2256 2632 2343 christiana
2720 2254 3265 2344 Generalium
3349 2253 3945 2372 Inquisitorum
4010 2249 4400 2338 adversus

922 2431 941 2442 f
1016 2374 1518 2466 haereticam
1569 2378 2055 2488 pravitatem
2092 2381 2578 2463 auctoritate
2629 2375 3103 2487 Apostolica
3154 2373 3742 2490 deputatorum
3779 2372 4124 2460 consilio
4159 2433 4185 2480 ,
4228 2394 4398 2464 tam

1015 2494 1738 2601 Provincialibus,
1794 2520 1877 2612 et
1938 2497 2044 2580 ab
2108 2502 2225 2584 eis
2272 2494 2776 2612 deputandis
2835 2495 3347 2608 Presbyteris
3383 2556 3407 2600 ,
3473 2524 3726 2612 quam
3792 2493 4165 2580 locorum
4231 2492 4450 2601 Or&

1012 2612 1350 2710 dinariis
1413 2614 1794 2730 praefatis
1851 2645 2046 2704 cum
2097 2616 2345 2722 dictis
2390 2615 2831 2731 neophytis
2858 2682 2889 2722 ,
2957 2618 3043 2701 iu
3094 2645 3631 2731 quocumque
3666 2677 3696 2717 ,
3735 2645 3882 2700 seu
3932 2613 4396 2732 quibusvis,

1016 2767 1183 2830 non
1228 2759 1523 2832 ,tame-n
1577 2739 1661 2824 in
1716 2741 1989 2851 primo
2036 2739 2807 2849 consanguinitatis,
2873 2737 3011 2824 vel
3061 2734 3484 2822 affinitatis
3517 2732 3962 2846 gradibus,
4015 2733 4150 2821 vel
4199 2735 4400 2821 alias

1015 2860 1486 2972 conjunctis
1521 2920 1546 2964 ,
1611 2867 1759 2943 seu
1809 2890 1894 2946 se
1969 2849 2574 2962 attinentibus,
2631 2857 3394 2964 utmatrimonium
3445 2858 3661 2941 inter
3719 2884 3811 2940 se
3872 2853 4385 2964 contrahere,

1007 3007 1155 3062 seu
1215 2979 1297 3061 in
1382 3008 1484 3065 eo
1568 2981 1815 3074 etiam
1865 2982 2223 3066 scienter
2299 3000 2724 3066 contracto
2803 3008 3227 3063 remanere
3300 2975 3630 3062 valeant
3664 3038 3696 3079 ,
3759 2972 4000 3062 dictis
4049 2973 4393 3092 quidem

1014 3095 1530 3208 Presbyteris
1577 3097 1661 3184 in
1716 3095 1977 3204 locis,
2038 3119 2122 3184 et
2169 3098 2646 3210 regionibus
2680 3160 2706 3204 ,
2772 3097 2921 3186 ubi
2971 3095 3397 3202 Ordinarii
3450 3128 3616 3184 non
3671 3092 4026 3200 adsunt,
4090 3096 4389 3182 vel‘ul·

992 3240 1149 3304 ,tra
1185 3213 1395 3304 duas
1439 3205 1731 3310 Dietffs
1777 3220 2002 3331 juxta
2067 3221 2746 3321 constitutionem
2806 3219 3093 3324 similis
3140 3250 3386 3307 mem.
3427 3213 3664 3303 Pauli
3719 3216 3878 3302 PP.
3937 3215 4091 3302 ΙΙΙ.
4142 3219 4404 3303 etiam.

1001 3334 1668 3432 Praedecessoris
1712 3335 1991 3425 Nostri
2029 3336 2339 3442 editam
2389 3342 2806 3445 existunt,
2859 3341 3068 3453 ipsis.
3097 3371 3298 3430 vero
3349 3334 3814 3423 Ordinariis
3863 3359 4198 3424 econtra
4237 3336 4387 3423 ubi

998 3456 1472 3572 Presbyteri
1523 3455 1863 3574 praefati
1914 3457 2284 3565 adsunt,
2344 3461 2484 3549 vel
2570 3491 2859 3548 eorum
2929 3456 3363 3548 commode
3432 3458 3722 3546 haberi
3774 3480 4040 3574 potest
4104 3462 4434 3572 copia,x

1000 3575 1108 3670 de
1158 3610 1444 3668 eorum
1499 3603 1924 3697 tamquam
1962 3579 2440 3697 adjutorum
2478 3646 2509 3686 ,
2547 3604 2632 3667 et
2666 3612 3157 3668 assessorum
3209 3610 3551 3672 suorum
3593 3580 3947 3666 consilio
3980 3641 4004 3686 ,
4057 3600 4142 3666 et
4192 3609 4412 3665 cum·

1000 3697 1162 3786 iuis
1198 3760 1221 3803 ,
1285 3700 1433 3784 ubi
1487 3724 1767 3787 autem
1798 3731 1975 3790 non
2029 3700 2387 3806 adsunt,
2454 3733 2610 3787 nec
2661 3732 2948 3787 eorum
3001 3698 3439 3804 commode
3487 3703 3721 3817 copia
3772 3697 4060 3788 haberi
4103 3722 4378 3814 ,potest

999 3821 1249 3910 etiam
1311 3821 1489 3906 sine
1551 3821 1709 3906 illis
1761 3824 1843 3906 in
1898 3844 2257 3941 utroque
2305 3820 2489 3908 foro
2537 3825 2782 3932 gratis
2832 3818 3365 3939 dispensandi
3389 3855 3428 3928 ·,
3482 3844 3567 3908 et
3622 3852 3801 3931 eos,
3869 3824 4032 3938 qui.
4068 3823 4153 3905 in
4207 3851 4384 3932 gra·

998 3935 1248 4042 dibus
1298 3939 1735 4054 prohibitis
1795 3940 2276 4056 hujusmodi
2341 3945 2590 4029 etiam
2649 3946 3005 4036 scienter
3053 3945 3611 4030 contraxerint
3687 3941 3793 4027 ab
3870 3935 4379 4047 excessibus,

997 4081 1085 4144 et-
1136 4064 2083 4168 excommunicationis,
2170 4064 2517 4180 aliisque
2594 4065 3024 4170 censuris,
3089 4087 3174 4150 et
3268 4065 3558 4178 poenis
3620 4061 4221 4170 Ecclesiasticis
4294 4068 4381 4148 in

996 4203 1354 4301 utroque
1415 4178 1595 4277 foro
1642 4185 1925 4294 gratis·
1958 4187 2266 4298 pariter
2314 4180 2861 4288 absolvendi,
2924 4218 3019 4270 ac
3084 4184 3414 4270 Prolem
3459 4179 3680 4272 ‘inde
3736 4206 4196 4300 susceptam
4261 4183 4404 4271 le-.
4493 4242 4500 4248 .

995 4300 2405 4411 gttimamdenerneudi„necnon
2461 4299 2768 4405 eisdem
2823 4302 3333 4418 Presbyteris
3367 4337 3436 4413 „·-
3477 4326 3564 4394 et
3621 4301 4090 4390 Ordinariis
4121 4365 4150 4411 ,
4213 4335 4378 4412 ser·

989 4422 1635 4510 vatis³locorum
1702 4426 2398 4531 circumstantiis,
2460 4448 2544 4510 et
2599 4425 3238 4513 limitationibus
3285 4422 3764 4541 hujusmodi
3815 4456 4010 4510 cum
4057 4421 4400 4524 eisdem,-

988 4538 1453 4656 Neophytis
1505 4546 1587 4630 in
1618 4546 1910 4658 primo
1960 4543 2279 4655 gradu,
2331 4545 2902 4640 etiam-rectae
2955 4547 3222 4636 lineae
3271 4544 3695 4632 affinitatis
3756 4576 3854 4636 ex
3905 4547 4200 4660 copula
4276 4549 4375 4631 il-

995 4661 1214 4752 licita
1268 4664 1735 4751 resultantis
1786 4696 1872 4751 se
1925 4664 2525 4776 attinentibus,
2569 4688 2659 4752 ut
2707 4668 3326 4756 matrimonium
3375 4698 3717 4786 quoque
3768 4670 3981 4754 inter
4041 4698 4134 4754 se
4175 4698 4373 4754 con-

989 4781 1312 4874 trahere
1348 4850 1377 4889 ,
1441 4816 1589 4872 seu
1640 4788 1724 4870 in
1766 4816 1865 4872 eo
1914 4788 2161 4871 etiam
2216 4787 2573 4876 scienter
2624 4808 3049 4874 contracto
3101 4817 3525 4875 remanere
3586 4787 3964 4874 similiter
4007 4787 4369 4896 valeant,

987 4905 1071 4997 in
1134 4906 1487 5025 occultis
1548 4929 1821 5004 tamen
1864 4969 1889 5012 ‚
1962 4928 2046 4992 et
2110 4907 2194 4990 in
2249 4904 2432 4991 foro
2483 4908 3477 5013 conscientiaetautum,
3541 4939 3640 4998 ac
3703 4910 4192 5020 urgentibus
4241 4916 4371 5026 ju·-

987 5026 1129 5108 stis
1181 5029 1479 5111 causis.
1516 5029 1767 5136 gratis
1823 5029 2069 5114 etiam
2134 5021 2901 5141 ,dispensandi-,et
2951 5057 3148 5136 eos,
3214 5032 3384 5149 qui-
3447 5031 3529 5114 in
3604 5032 3871 5143 primo
3941 5026 4384 5119 affinitatis.

979 5142 1238 5252 gradu
1305 5145 1787 5260 hujusmodi
1837 5148 2085 5243 etiam
2120 5149 2504 5234 -scienter
2563 5152 3125 5237 contraxerint
3175 5151 3280 5236 ab
3331 5151 3846 5255 excessibus,
3913 5174 3997 5238 et
4046 5182 4370 5244 excom-

976 5267 1563 5380 manicationis
1600 5327 1625 5369 ,
1693 5266 2039 5385 aliisque
2072 5271 2467 5370 censuris
2504 5332 2528 5376 ,
2593 5291 2680 5356 et
2733 5273 3042 5383 ‹poenis
3085 5271 3693 5358 Ecclesiasticis
3749 5273 3865 5356 ,in
3941 5270 4121 5370 soro
4163 5305 4386 5374 ‚con-n

974 5387 1373 5476 scientiae
1418 5405 1743 5482 tantum
1794 5390 2045 5498 gratis
2088 5391 2469 5478 similiter
2532 5390 3018 5480 absolvendi
3061 5453 3085 5499 ,
3151 5390 3588 5509 dictisque«
3634 5391 4102 5482 Ordinariis
4163 5394 4386 5484 alios-

973 5504 1502 5616 Presbyteros
1530 5504 1927 5606 :idoneos
1960 5543 2009 5600 a
2052 5513 2428 5627 ,seprius
2482 5512 2977 5627 approbatos
3027 5516 3112 5600 in
3165 5511 3372 5599 loeis
3420 5513 3568 5597 ubi
3633 5544 3798 5600 non
3854 5512 4364 5618 adsintMis-

968 5627 1294 5752 slonarii
1348 5626 2235 5748 sim’J-l'emzfakultate‘m
2293 5631 2696 5722 habentes
2730 5632 3008 5752 quoad
3059 5635 3505 5750 praemissa
3554 5635 3799 5724 insui
3835 5636 4134 5744 locum·
4167 5641 4384 5734 sub-.-
