4834 6409
3618 498 3790 595 335

401 627 728 732 steriist,
781 648 866 715 et
915 628 1487 745 unusquisque
1542 620 1940 715 Sacerdos
1986 620 2512 715 dicatunam
2560 619 2895 710 Missam
2937 682 2961 727 ‚
3039 643 3122 711 et
3173 651 3341 708 non
3394 619 3795 711 Sacerdos

405 771 743 837 eentum
797 749 1036 833 Pater
1088 772 1391 853 noster,
1442 760 1527 834 et
1575 755 1762 838 Ave
1814 748 2101 848 Maria,
2157 742 2563 865 quod-est
2609 745 3021 855 integrum
3075 741 3567 831 Psalteriu'm
3603 775 3796 859 pre·

405 892 650 952 cum.-
697 862 937 955 Idem
993 864 1159 959 ‚fiat
1222 902 1373 980 pro
1431 870 1849 982 Episcopo
1918 870 2001 951 in
2077 866 2596 955 Monasteriis
2648 927 2671 969 ‚
2753 896 2965 982 quae
3019 867 3101 951 in
3156 868 3338 977 ejus
3409 862 3799 951 Dioecesi

405 1008 624 1092 sunt,
680 1012 763 1079 et
819 1021 965 1103 pro
1015 987 1684 1081 benefactoribus
1738 988 2200 1098 insignibus
2250 989 2336 1071 in
2391 985 2922 1087 Monasterio‚
2973 986 3103 1070 cui
3162 980 3795 1073 benefecerunt.

407 1104 562 1188 lx..
619 1109 712 1195 In
769 1110 1161 1196 omnibus
1226 1109 1763 1197 Coemeteriis
1817 1110 2109 1194 nostris
2160 1104 2548 1193 Monacbi
2607 1137 2647 1189 a
2701 1105 3256 1195 saecularibus
3324 1107 3614 1190 semoti
3648 1104 3798 1192 vse·

405 1226 822 1337 peliantur
895 1235 974 1315 in
1034 1220 1332 1317 'habitu
1375 1239 1412 1335 ,’
1453 1262 1700 1349 quem
1757 1259 2105 1339 gessere,
2158 1230 2328 1314 sive
2382 1222 2991 1329 Professorum,
3057 1224 3187 1312 vel
3237 1224 3792 1311 Novitiorum.

408 1346 519 1431 X„
577 1350 710 1436 Bis
762 1355 842 1435 in
898 1381 1118 1437 anno
1156 1348 1301 1435 fiat
1336 1350 2042 1439 Commemoratio
2076 1378 2228 1462 pro
2264 1344 2650 1430 omnibus
2706 1344 3140 1432 Monachis
3190 1340 3806 1431 defunctis-no·-

404 1473 546 1553 stri
601 1467 997 1557 Ordinis-t
1058 1471 1184 1555 bis
1221 1503 1560 1592 quoque
1609 1503 1762 1584 pro
1815 1462 2323 1584 parentibu5‚
2378 1463 2799 1572 affinibus,
2857 1490 2939 1552 et
2989 1467 3270 1551 amicis
3347 1464 3803 1557 Monacho-

402 1619 590 1677 rum
642 1654 664 1697 ,
709 1615 819 1676 et
869 1622 1022 1707 pro
1072 1593 1490 1695 omnibus,
1546 1596 1691 1708 qui
1747 1594 1827 1675 in
1881 1588 2427 1673 Coe-meteriis
2496 1590 2756 1675 nostri
2811 1584 3156 1675 Ordinis
3207 1584 3505 1698 sepulti
3555 1606 3797 1693 sunt,

407 1731 496 1793 et
547 1711 677 1796 his
726 1741 878 1823 pro
929 1707 1604 1797 benefactoribus
1641 1774 1664 1817 ,
1721 1732 1806 1796 et
1855 1739 2002 1822 pro
2054 1708 2241 1813 illis,
2296 1710 2436 1825 qui
2494 1708 2768 1792 literas
2818 1707 3386 1793 Fraternitatis
3453 1703 3803 1793 Ordinis

413 1835 665 1916 nostri
721 1829 1224 1918 hahuerunt.
1301 1833 1575 1918 Semel
1629 1834 1944 1918 scilicet
1998 1860 2282 1914 mense
2351 1825 2896 1932 NovembriS,
2952 1851 3035 1912 et
3083 1825 3336 1912 semel
3390 1850 3582 1912 ante
3634 1827 3811 1909 ini-

409 1952 623 2035 tium
687 1953 1005 2067 Jejunii
1064 1950 1843 2064 Quadragesimalis.
1902 1951 1993 2033 In
2050 1971 2406 2066 utraque
2456 1946 3271 2033 Commemoratione
3337 1943 3660 2033 dicatur
3716 1948 3803 2028 in

418 2101 930 2191 unoquoque
984 2070 1488 2157 Monasterio
1539 2073 1785 2159 Missa
1836 2072 2253 2177 solemnis,
2305 2091 2387 2153 et
2440 2069 2793 2184 quilibet
2845 2064 3242 2156 Sacerdos
3294 2064 3515 2153 dicat
3564 2094 3817 2153 unam

420 2189 820 2301 Missam,'
857 2216 941 2279 et
1006 2222 1169 2277 non
1246 2191 1644 2279 Sacerdos
1697 2193 2189 2278 Psalte'rium
2243 2219 2614 2303 precum.

1638 2379 1642 2383 ’
1734 2433 1806 2518 c
1870 2434 1947 2517 A
2015 2432 2108 2516 P.
2228 2426 2479 2512 xm.

1535 2674 1672 2757 De
1733 2672 2182 2775 Eremitis,
2236 2690 2316 2755 et
2366 2671 2731 2757 Inclusis

545 2911 608 2992 Ι.
679 2913 1100 3017 Quoniam
1155 2914 1437 2998 Patres
1498 2914 1748 2995 nostri
1808 2905 2282 2998 non-modo
2342 2910 2979 2996 Coenobiticam
3035 2909 3318 3017 vitam,
3373 2904 3520 2993 sed
3568 2908 3820 2993 etiam

422 3029 962 3116 Eremiticam
1035 3036 1424 3138 coluere,
1481 3032 1892 3151 nobisque
1942 3025 2414 3119 tradidere:
2488 3029 2675 3117 ideo
2740 3032 3101 3141 vestigiis
3185 3060 3471 3115 eorum
3545 3027 3827 3140 inbae—
3914 3080 3919 3083 ·

432 3171 757 3253 rentes,
823 3150 1348 3238 decernimus
1384 3215 1409 3257 ‚
1468 3149 1582 3235 fas
1635 3182 1808 3236 esse
1888 3152 2343 3270 unicuique
2426 3150 2842 3237 Monacho
2894 3148 3267 3235 Professo
3316 3214 3339 3257 ,
3405 3174 3593 3265 post
3642 3183 3825 3239 exa·

432 3291 661 3353 ctum
744 3293 1012 3357 tamen
1096 3307 1136 3357 a
1194 3269 1695 3384 professione
1775 3270 3027 3390 Monastica,quinquennium‚
3081 3292 3168 3354 et
3216 3276 3466 3383 petita
3518 3272 3749 3385 prius
3797 3334 3823 3377 ,

427 3389 940 3507 obtentaque
1002 3393 1108 3477 ab
1177 3393 1513 3478 Abbate
1566 3393 1959 3497 licentia,
2014 3393 2097 3474 in
2164 3391 2488 3477 Cellam
2558 3427 2599 3477 a
2657 3394 3079 3477 communi
3132 3392 3482 3477 aliorum
3536 3391 3838 3478 Mona-

430 3507 774 3595 chorum
832 3516 1244 3598 consortio
1293 3534 1687 3598 semotam
1730 3575 1753 3619 ,
1809 3512 2163 3595 claustro
2215 3535 2486 3599 tamen
2542 3514 2985 3615 munitam,
3039 3512 3425 3599 secedere
3476 3511 3580 3599 ad
3621 3536 3825 3598 tem·

430 3650 612 3742 pus,
669 3633 796 3717 vel
852 3636 932 3716 in
988 3658 1483 3749 perpetuum
1522 3657 1766 3745 prout
1813 3633 1963 3744 ipsi
2020 3632 2355 3736 Abbati,
2397 3656 2480 3717 et
2530 3632 3170 3742 Congregationi
3222 3631 3828 3718 Monachorum

425 3748 1049 3859 visumfnerit,
1105 3753 1248 3838 ubi
1301 3754 1653 3839 orationi
1686 3814 1709 3856 ‚
1766 3775 1847 3836 et
1896 3753 2465 3865 spiritualibus
2515 3753 3235 3838 exercitationibus
3285 3777 3542 3838 vacet.
3598 3752 3714 3838 Et
3766 3756 3834 3839 si

428 3867 670 3957 firmo
726 3905 1068 3989 corpore
1118 3872 1419 3977 fuerit,
1477 3872 1788 3982 agellus
1864 3876 1940 3957 ei
1991 3871 2394 3957 colendus
2466 3872 2834 3958 tradatur
2870 3935 2896 3979 ,
2948 3874 3082 3958 vel
3163 3873 3374 3957 illud
3427 3904 3830 3959 manuum

426 4019 634 4100 opus
685 4016 1106 4099 exerceat,
1173 3993 1398 4110 quod
1458 3993 1656 4080 utile
1721 3992 2031 4096 fuerit,
2097 4016 2181 4079 et
2232 3993 3122 4093 conveniens..Probet
3199 4018 3475 4079 autem
3544 3993 3833 4079 Abbas

427 4112 804 4220 spiritum
858 4112 1249 4199 Monachi
1289 4177 1313 4217 ‚
1381 4138 1818 4230 antequam
1902 4114 2019 4198 illi
2090 4109 2396 4200 dictam
2451 4115 2863 4199 licentiam
2919 4111 3377 4218 concedat,
3451 4144 3559 4198 ne
3624 4112 3834 4230 quid

429 4227 890 4319 diabolicae
937 4229 1247 4317 fraudis
1299 4238 1381 4317 in
1438 4227 1914 4347 hujusmodi
1969 4264 2288 4319 secessu
2340 4234 2755 4346 subrepat.
2812 4234 2919 4316 ΙΙ.
2979 4234 3260 4316 Minus
3339 4265 3589 4351 quam
3633 4231 3833 4339 duo,

433 4380 602 4435 uon
666 4354 835 4438 sint
894 4350 1117 4465 apud
1169 4354 1761 4438 Monasterium
1817 4353 2276 4439 Eremitae:
2349 4358 2572 4474 iique
2617 4358 2699 4438 in
2755 4352 3079 4437 duabus
3132 4355 3357 4438 cellis
3408 4357 3845 4466 separatis:

427 4501 714 4588 -neque
764 4472 1004 4585 plus,
1044 4502 1291 4589 quam
1351 4496 1510 4558 tres
1546 4475 1631 4557 in
1671 4469 2014 4558 totidem
2065 4472 2318 4560 cellis.
2362 4471 2614 4582 Quod
2671 4475 2732 4557 si
2800 4473 3395 4559 Monasterium
3450 4472 3840 4590 frequens

430 4594 600 4696 sit,
665 4615 751 4678 et
787 4592 1231 4678 ‘voluerint
1281 4594 1555 4706 plures
1606 4623 1860 4710 quam
1924 4615 2084 4677 tres
2148 4594 2540 4681 Monac-hi
2608 4596 2861 4679 vitam
2915 4594 3449 4679 Eremiticam
3506 4596 3835 4698 colere,

438 4734 642 4798 tunc
703 4713 881 4799 bini
941 4712 1115 4797 bini
1179 4713 1604 4799 Eremitae
1658 4715 2087 4825 separatim
2143 4715 2250 4798 ab
2313 4717 2490 4800 aliis
2542 4715 2624 4798 in
2690 4745 2835 4799 sua
2901 4716 3253 4832 quisque
3304 4715 3508 4801 cella
3560 4745 3847 4800 mane-
3894 4710 3901 4715 ’

427 4832 657 4917 -bunt
693 4896 717 4936 ‚
751 4858 870 4920 ·et
917 4835 1122 4920 alter
1183 4834 1415 4920 alteri
1474 4837 1808 4920 eremita
1866 4834 2366 4920 ministrabit
2418 4839 2499 4919 in
2556 4834 2804 4919 rebus
2854 4835 3586 4948 spiritualibus,·.et
3638 4858 3840 4918 tem-

275 4954 291 4967 “
423 4951 910 5066 foralibus,
965 4951 1253 5039 eadem
1307 4957 1652 5039 omnino
1711 4957 2082 5061 ratione,
2140 4967 2362 5072 'quae
2402 4989 2448 5040 a
2502 4953 2881 5065 Regula,
2934 4979 3020 5040 et
3070 4953 3830 5041 Constitutionibus

317 5104 324 5110 ·
425 5073 1026 5187 praescribitur
1077 5071 1563 5159 Coenobitis
1612 5106 1804 5186 erga
1872 5077 2175 5161 Socios.
2232 5073 2557 5192 quue,
2606 5077 2671 5161 si
2725 5074 2975 5161 ambo
3013 5137 3037 5181 ,
3088 5075 3225 5160 vel
3285 5106 3502 5159 unus
3534 5104 3841 5159 -eorum

440 5189 836 5279 Sacerdos
887 5191 1188 5278 fuerit:
1257 5225 1443 5279 nam
1510 5196 2329 5304 sacram'Liturgiam
2368 5257 2392 5300 ,
2460 5216 2545 5281 et
2613 5193 3837 5302 Sacramenta:Confessionis‚

433 5334 526 5397 et
573 5309 1211 5399 communionis
1273 5315 1568 5401 eodem
1619 5312 1876 5402 modo
1926 5319 2009 5399 in
2089 5315 2475 5403 Oratorio
2525 5317 2847 5429 privato
2910 5310 3625 5431 frequentabunt,
3678 5346 3851 5433 quo

443 5431 1080 5553 frequentantur
1139 5469 1185 5521 a
1229 5436 1692 5525 .Monachis
1740 5440 1824 5521 in
1877 5436 2260 5523 Ecclesia·
2303 5437 2781 5525 Mouasterii
2818 5496 2842 5519 .
2923 5434 3009 5519 Si
3052 5464 3303 5530 *ver-0,
3365 5435 3639 5522 ambo·
3679 5465 3852 5521 non

431 5553 929 5644 Sacerdotes
980 5553 1348 5667 fuerint,
1416 5555 1504 5643 id
1555 5581 1965 5675 praestare
2016 5552 2454 5643 debebunt
2530 5559 2615 5642 in
2681 5555 3057 5642 Ecclesia
3112 5556 3598 5644 Monasterii
3634 5621 3658 5666 ‚
3739 5555 3848 5645 ad
3949 5557 3952 5560 ⁴

421 5700 901 5793 ‘qnam‘pro
965 5678 1219 5765 rebus
1267 5678 1835 5800 spiritualibus
1886 5681 2389 5768 convenient
2440 5680 2683 5766 certis
2735 5676 2995 5783 boris‚.
3037 5677 3449 5797 certisque
3499 5677 3797 5769 diebus
3828 5742 3852 5786 ‚
