4834 6409
1173 500 1224 554 2,

1045 470 1166 679 ἐξ
1173 587 1722 705 quantitatem
1748 637 1789 689 ,<
1855 579 2235 673 ordinem
2309 586 2418 672 ab
2473 586 2802 673 Abbate
2864 580 3466 700 praescriptum
3528 592 3967 697 sequatur.
4033 574 4179 661 IV.
4234 573 4419 665 Co-

1041 739 1361 830 quere‚
1421 720 1582 792 aut·
1625 700 1854 792 aliud
1931 704 2365 821 quidpiam
2440 712 2587 822 pro'
2669 709 2950 825 aliquo
3011 701 3485 820 particulari
3544 730 3886 815 parare,
3950 693 4417 787 lufirmario
4469 787 4474 791 ,

1044 836 1364 929 tantum
1445 848 1845 939 excepto,
1898 830 2318 911 neminem
2397 833 2661 932 sinat,
2730 858 3005 945 neque
3064 830 3234 938 ipse
3290 819 3559 921 saciat
3640 824 3817 907 sine
3872 817 4223 915 Abbatis
4295 812 4417 901 fa-

1039 950 1372 1035 cultate.
1433 946 1544 1031 V.
1598 945 2013 1058 Scriptum
2064 948 2150 1031 in
2205 945 2521 1033 Codice
2592 947 2897 1033 habeat
2928 945 3426 1052 Cata-logum
3494 971 3765 1028 rerum
3797 1002 3821 1043 ‚
3887 969 4240 1054 quarum
4291 957 4419 1022 est

1041 1099 1241 1153 usus
1303 1064 1820 1181 issn‘Goquina
1862 1125 1886 1169 ‚
1957 1097 2162 1182 quas
2212 1071 2382 1181 ipse
2435 1098 2758 1154 servare
2804 1065 3081 1153 debet.
3133 1063 3281 1148 Vl.
3336 1061 3873 1171 Diligentiam
3942 1061 4024 1143 in
4078 1058 4331 1143 rebus
4381 1119 4406 1161 ,

1040 1187 1730 1307 q'tles‘consumit,
1798 1181 2262 1290 adhibebit,
2305 1219 2405 1272 ne
2468 1186 2675 1306 quid
2728 1218 2891 1272 non
2964 1184 3514 1273 necessarium
3595 1182 4056 1267 insumatur
4125 1199 4425 1265 contra-

1037 1324 1603 1422 paupertatem
1654 1304 2137 1414 religiosam.
2216 1305 2407 1391 VII.
2494 1311 2578 1392 Si
2630 1338 2882 1424 quem
2930 1304 3392 1421 adjutorem
3447 1296 3791 1387 haberet
3823 1361 3847 1406 ,
3901 1319 4260 1409 satagat,
4314 1319 4412 1381 ut

1038 1457 1233 1511 eum
1302 1424 1563 1515 verbo
1597 1486 1623 1531 ,
1677 1447 1761 1509 et
1829 1427 2203 1541 exemplo
2271 1424 2703 1534 aedificet,
2758 1429 3231 1542 praesertim
3280 1421 3693 1517 Novitios,

2400 1667 2471 1751 c
2540 1667 2611 1750 A
2680 1665 2771 1750 Ρ.
2824 1680 2833 1689 ·
2886 1622 3083 1785 xx.

2054 1906 2193 1990 De
2257 1904 2942 1990 Hebdomadar'io
2994 1905 3377 1990 Mensae.

1152 2143 1216 2228 1.
1287 2144 1575 2229 Abbas
1622 2141 2101 2253 Monasterii
2141 2205 2165 2250 ,
2220 2176 2363 2231 seu
2418 2150 2596 2259 ejus
2662 2143 3043 2229 Vicarius
3094 2144 3436 2254 singulis
3482 2135 4030 2227 hebdomadis
4108 2139 4409 2225 catalo-

883 2308 892 2315 ·
1027 2294 1225 2374 gum
1275 2262 1520 2352 faciet
1567 2326 1598 2366 ,
1660 2267 1833 2381 quo
1884 2296 2031 2379 per
2082 2289 2420 2350 turnum
2489 2263 3093 2351 Monachorum
3166 2267 3545 2348 omnium
3586 2322 3610 2365 ,
3677 2264 3824 2376 qui
3910 2261 4179 2370 legere
4258 2291 4403 2345 no-

1025 2386 1224 2469 mint
1270 2447 1300 2486 ,
1377 2405 1711 2483 notetur
1799 2382 2522 2481 ‘Hebdomadarius
2598 2389 2983 2471 Mensae.
3066 2382 3184 2467 ΙΙ.
3265 2381 3670 2469 Officium
3735 2376 4413 2468 ‚Hebdomadarii

1023 2501 1363 2609 Mensae
1420 2526 1576 2589 est·
1621 2502 1876 2592 libros
1923 2502 2029 2589 ad
2107 2536 2473 2590 mensa-m
2522 2504 2814 2613 legere.
2872 2504 3005 2589 Ab
3058 2503 3216 2589 hoc
3292 2499 3602 2601 Officio
3678 2502 4061 2587 eximitur
4123 2498 4407 2584 Abbas

1021 2621 1524 2710 Monasterii.
1577 2620 1732 2705 111.
1790 2621 2507 2725 Hebdomadarius
2570 2654 2897 2709 mensae
2945 2623 3199 2709 libros
3264 2654 3415 2740 pro
3477 2619 3833 2708 lectione
3910 2642 4096 2704 ante
4173 2648 4407 2703 men·

1018 2772 1196 2826 sam
1246 2765 1570 2856 apertos
1617 2741 1980 2855 habeat}
2041 2767 2132 2830 et
2181 2740 2519 2862 quando
2571 2743 2785 2854 leget
2820 2805 2844 2850 ‚
2900 2742 3319 2850 attendat,
3364 2745 3472 2829 ,in
3525 2770 3696 2860 quo
3747 2740 4243 2825 emendetur
4295 2737 4404 2823 ab
4492 2813 4503 2822 .

905 2976 916 2981 -
1021 2858 1405 2968 Abbat'e,
1467 2882 1620 2947 aut
1678 2862 2066 2970 Vicat-io,
2121 2886 2207 2948 et
2253 2862 2738 2950 emendatus
2805 2868 3168 2974 assurgat
3217 2894 3408 2949 cum
3463 2861 3976 2961 humilitate,
4026 2878 4112 2943 et
4163 2886 4401 2970 repe-

1017 3002 1139 3067 tat
1165 2982 1194 3085 ‚'
1239 3002 1498 3097 ›pt-ont
1545 2981 2035 3069 emendatus
2086 2980 2548 3070 fuerin-’Ad
2599 2986 2928 3093 signum
2979 2982 3327 3068 Abbatis
3366 3045 3389 3088 ,
3442 3005 3586 3067 aut
3635 2980 3947 3065 Vicarii
3998 2974 4238 3061 finiet
4287 2976 4409 3062 le·

1018 3103 1381 3186 ctionem
1417 3162 1441 3184 .
1514 3099 1747 3184 Libri
1835 3126 2109 3189 autem
2162 3166 2185 3208 ,
2221 3104 2397 3221 *qui
2464 3104 2912 3210 lefflntur7
2976 3126 3172 3187 sunt
3208 3140 3256 3186 :·
3298 3109 3553 3188 Sacra·
3609 3102 4026 3213 Scriptura
4066 3159 4091 3202 ‚
4145 3095 4400 3180 Vitae

989 3220 1512 3306 Sanctorum
1551 3218 2008 3325 ⁹*Historia
2071 3223 2648 3319 Ecclesiastica
2688 3287 2729 3327 ,,
2792 3245 2874 3308 et
2918 3223 3199 3341 Opera
3255 3226 3628 3310 Ascetica
3681 3283 3704 3325 ‚
3761 3249 3974 3337 quae
4050 3216 4157 3300 ab
4226 3215 4399 3299 Ab·

1019 3337 1212 3423 bate
1267 3341 1672 3448 assignari
1752 3337 2122 3442 debent,
2181 3362 2540 3426 'servato
2623 3340 2973 3448 ordine,
3050 3366 3138 3428 ut
3186 3346 3548 3461 primum
3628 3341 4008 3449 legantur
4082 3336 4400 3451 aliquot

1008 3458 1394 3543 versiculi
1444 3488 1543 3544 ex
1603 3457 2025 3572 Scriptura
2064 3524 2088 3567 ‚
2157 3457 2461 3563 deinde
2512 3458 2907 3567 'succedat
2953 3464 3200 3549 lec-tio
3250 3495 3346 3557 ex
3394 3465 3586 3549 vitis
3638 3461 4128 3544 Sanctorum
4168 3517 4194 3559 ,
4256 3479 4403 3540 ant

1009 3606 1109 3662 ex
1160 3576 1520 3666 Historia
1546 3576 2154 3686 Ecclesiastica‚
2187 3604 2271 3669 et
2306 3579 3142 3668 claudatur-lectione
3176 3583 3532 3698 alicujus
3567 3581 3642 3664 T
3647 3587 4001 3664 tactatus
4040 3574 4389 3661 ascetici.

1943 3878 1978 3923 „
2035 3752 2501 3923 PARS·
2604 3817 3375 3937 ρυΛΒΤΑ.

2237 3978 2244 4001 ²
2321 4098 2326 4107 ·
2426 4057 2499 4144 c
2566 4063 2634 4145 A
2707 4061 2799 4145 Ρ.
2915 4060 2981 4142 1.
3112 4126 3119 4133 ,

2027 4300 2164 4383 De
2219 4240 2887 4421 Congregatz'one
2941 4246 3367 4385 Generaii.
3408 4396 3416 4403 ,

1128 4539 1202 4622 Ι.
1279 4536 1827 4648 Congregatio
1877 4532 2307 4625 Generalis
2360 4538 2466 4626 de
2519 4541 2874 4626 triennio
2926 4540 3023 4623 'in
3089 4536 3543 4621 triennium
3622 4534 4149 4641 celebretur,
4225 4535 4384 4619 nisi

1006 4656 1219 4744 forte
1268 4657 1378 4742 ob
1428 4657 1787 4775 aliquam
1842 4682 2270 4767 urgentem
2325 4661 2894 4745 necessitatem
2944 4678 3153 4743 esset
3204 4652 3825 4768 anticipandum
3866 4679 4211 4770 tempus,
4244 4674 4391 4737 aut

1002 4772 1617 4891 prorogandum
1677 4805 1778 4860 ¹ex
1845 4771 2177 4862 decreto
2237 4777 2919 4889 Congregationis
3001 4776 3682 4885 Hegumenorum
3735 4839 3761 4882 ‚
3890 4773 4056 4859 uod
4127 4771 4384 4859 debet

1004 4919 1467 5011 opportune
1515 4895 1669 4981 toti
1709 4890 2038 4978 ordini
2103 4895 2570 5011 significari.
2623 4894 2884 4984 Casus
2935 4917 3212 4980 autem
3262 4958 3287 4994 ,
3357 4895 3467 4978 ob
3546 4924 3752 5012 quos
3905 4894 4376 5007 ongregatio

917 5089 923 5095 .
1003 5006 1435 5103 Generalis
1502 5016 1975 5129 prorogari,
2027 5016 2162 5101 vel
2227 5019 2649 5131 anticipari
2717 5037 3047 5131 potest,
3096 5037 3312 5099 sunt.
3386 5012 3727 5121 Prim0,
3802 5043 4022 5099 mors
4088 5012 4372 5099 Abba·

1003 5138 1108 5222 tis
1178 5126 1609 5221 Generalis
1689 5154 1837 5217 aut
1910 5136 2091 5247 ejus
2142 5133 2246 5223 ad
2295 5136 2671 5245 altiorem
2734 5134 3215 5247 dignitatem
3274 5134 3686 5247 promotio
3734 5192 3759 5239 ‚
3829 5156 3972 5218 aut
4033 5128 4376 5250 quando

997 5254 1109 5343 de
1155 5250 1527 5369 ejusdem
1606 5247 2121 5365 depositione
2154 5316 2206 5359 ‚,
2246 5258 2807 5369 suspensione,
2858 5252 3001 5344 vel
3048 5253 3386 5369 publica
3452 5250 4379 5368 reprehensione’agen·

999 5374 1209 5485 dum
1255 5374 1423 5475 sit,
1472 5392 1569 5457 ut
1618 5367 1939 5458 dictum
1988 5396 2112 5459 est
2157 5405 2401 5490 supra
2453 5375 2693 5490 Parte
2756 5377 3037 5463 Tertia
3086 5372 3290 5488 Cap.
3346 5372 3491 5457 lv.
3544 5404 3626 5457 n.
3681 5372 3792 5457 ΙΙ.
3840 5369 4178 5459 Deinde
4225 5403 4379 5486 pu·

995 5495 1221 5582 blica
1271 5512 1548 5580 rerum
1577 5553 1602 5597 ‚
1658 5493 2255 5612 regionumque
2300 5492 2813 5609 perturbatio
2849 5559 2874 5604 ,
2910 5495 3066 5581 *ob
3139 5515 3516 5609 pestem„
3566 5493 3704 5580 vel
3769 5491 4091 5577 bellum
4139 5554 4167 5596 ‚
4232 5517 4378 5579 aut

994 5635 1340 5732 propter
1388 5613 2050 5731 persecutionem
2103 5612 2584 5707 Infidelium
2620 5681 2645 5728 ,
2693 5619 2832 5713 vel
2884 5616 3506 5704 Haereticorum
3538 5673 3563 5718 ,
3614 5611 3752 5703 vel
3817 5611 4379 5702 schismatico.-
