4834 6409
1084 591 1355 680 cunda
1426 597 1754 706 gravius
1813 592 2528 710 reprehendatur3
2595 592 2983 714 deinceps
3047 628 3243 686 vero
3306 589 3569 713 'poena
3642 602 3987 710 graviori
4061 593 4457 717 puniatur

1083 747 1238 828 pro
1282 715 1622 802 arbitrio
1685 715 2058 804 Abbatis.
2118 718 2223 800 11.
2277 722 2360 805 Si
2437 724 2868 834 pecuniam
2924 716 3475 836 aut'aliquam
3535 751 3700 806 rem
3756 724 4029 831 magni
4086 749 4457 803 momen»

1073 838 1147 917 -ti
1224 839 1400 921 sine
1479 837 1801 922 licentia
1855 870 1895 919 a
1952 869 2457 955 quocunque
2523 839 2901 924 habuerit
2940 904 2962 943 ,
3043 840 3177 925 vel
3244 842 3787 942 alienaverit,
3872 873 4029 924 non
4108 838 4357 925 debet
4409 872 4451 922 a

1086 954 1604 1041 confessario
1680 957 2058 1062 absolvi,
2126 962 2280 1043 uisi
2334 963 2558 1069 prius
2637 966 2806 1073 ipse
2860 963 3286 1071 poenitens
3335 957 3542 1043 illud
3608 962 4020 1073 Superiori
4080 988 4455 1074 praesen-

1085 1080 1430 1181 taverit,
1502 1101 1646 1163 aut
1694 1079 2134 1164 alienatum
2192 1141 2215 1183 ‚
2295 1083 2357 1162 si
2413 1081 2798 1193 possibile
2850 1077 3095 1166 fuerit
3133 1144 3156 1186 ‚
3214 1086 3840 1194 recuperaverit.
3914 1080 4243 1165 Deinde
4281 1142 4303 1184 ,
4387 1081 4455 1162 si

1083 1221 1513 1309 peccatum
1565 1202 2077 1311 proprietatis
2127 1198 2556 1312 publicum
2612 1198 2887 1304 fuerit,
2938 1223 3078 1286 aut
3112 1235 3154 1284 a
3211 1203 3645 1313 Superiore
3696 1199 4193 1316 per-indicia
4228 1263 4251 1302 ‚
4319 1199 4455 1282 vel

1091 1339 1327 1402 testes
1403 1316 2008 1431 deprehensum
2050 1380 2073 1422 ‚
2136 1323 2714 1432 proprietarius
2768 1344 3086 1434 praeter
3147 1321 3690 1432 privationem
3774 1325 3997 1406 vocis
4074 1323 4449 1425 activae,

1065 1458 1168 1518 -et
1215 1440 1573 1550 passivae
1608 1454 1636 1544 ‚‘
1686 1470 1832 1552 per
1892 1470 2254 1522 mensem
2312 1444 2702 1548 gravioris
2772 1442 3061 1552 culpae
3124 1471 3471 1554 poenam
3527 1439 3701 1523 luat
3747 1504 3777 1540 ,
3830 1472 4040 1557 quae
4093 1443 4370 1551 augeri
4423 1504 4451 1542 ‚

1069 1578 1168 1639 ct
1219 1562 1480 1642 minui
1539 1562 1836 1672 poterit
1888 1563 2111 1671 juxta
2192 1562 2670 1674 qualitatem
2726 1560 3035 1667 delicti,
3090 1584 3174 1644 et
3223 1563 3768 1677 quantitatem
3818 1562 4232 1645 materiae.
4286 1560 4453 1643 De·-

1065 1674 1226 1759 -bet
1275 1701 1547 1763 autem
1601 1712 1640 1762 a
1701 1679 2356 1788 Congregatione
2409 1683 2762 1785 generali
2818 1679 3349 1766 determinari
3397 1682 3814 1796 quantitas
3855 1684 4240 1767 materiae
4287 1678 4451 1765 suf·

1077 1793 1429 1882 ficientis
1480 1795 1583 1881 ad
1637 1800 1960 1912 culpam
2017 1828 2343 1909 gravem
2398 1801 2924 1913 Proprietatis
2960 1863 2983 1907 ‚
3040 1822 3134 1883 ut
3183 1798 3505 1885 dicatur
3558 1829 3678 1881 res
3746 1790 4018 1909 magni
4082 1831 4453 1886 momen-

1086 1918 1198 2019 ti,
1264 1948 1474 2033 quae
1527 1921 1951 2030 recipitur,
2006 1920 2134 2002 vel
2190 1919 2634 2025 alienatur,
2700 1944 2782 2007 et
2832 1943 3161 2035 propter
3212 1951 3461 2038 quam
3514 1921 3966 2002 incurritur
4029 1923 4109 2004 in
4166 1953 4443 2005 casum

1083 2059 1643 2141 reservatum,
1706 2063 1790 2123 et
1854 2042 1937 2122 in
2005 2068 2354 2151 poenam
2408 2046 2858 2150 graviorem
2900 2105 2926 2147 ,
2993 2061 3240 2156 atque
3298 2035 3585 2125 eadem
3640 2037 4070 2123 notificari.
4136 2040 4287 2124 ΙΙΙ.
4360 2043 4444 2123 Si

1078 2179 1262 2268 post
1337 2180 1684 2241 mortem
1762 2159 2352 2271 proprietarius
2427 2163 2611 2277 quis
2681 2164 3066 2248 inventus
3132 2157 3440 2262 fuerit,
3506 2160 3675 2243 sive
3742 2156 4123 2244 subditus
4168 2223 4190 2263 ‚
4277 2164 4449 2245 sive

1078 2275 1367 2360 Abbas
1402 2340 1426 2383 ,
1495 2307 1646 2361 nec
1698 2280 1780 2362 in
1836 2276 2311 2364 infirmitate
2373 2305 2806 2392 peccatum
2859 2278 3273 2367 confessus
3324 2276 3616 2381 fuerit,
3669 2274 3940 2396 deque
4012 2312 4111 2364 eo
4163 2278 4450 2365 dolue-

1079 2393 1244 2500 rit,
1309 2394 1800 2482 sacrificium
1832 2462 1857 2504 ‚
1930 2420 2072 2483 aut
2120 2397 2460 2513 aliquod
2509 2399 2879 2506 officium
2928 2430 3078 2515 pro
3129 2402 3379 2514 ipsius
3428 2400 3700 2482 anima
3758 2430 3953 2482 non.
3990 2398 4157 2503 fiet,
4212 2405 4301 2485 et‘
4331 2432 4447 2485 se·

1075 2515 1408 2621 pultura
1457 2516 2028 2602 Ecclesiastica
2083 2519 2455 2630 privetur
2491 2585 2520 2623 ,
2594 2518 2847 2638 idque
2910 2552 3098 2605 cum
3156 2518 3499 2604 consilio
3552 2517 3891 2601 Patrum
3953 2522 4370 2604 seniorum
4421 2584 4446 2624 ,

1078 2636 1230 2718 nisi
1281 2632 1554 2720 forsan
1603 2669 1700 2722 ex
1749 2639 1891 2721 tali
1948 2668 2204 2751 poena
2269 2637 2752 2727 scandalum
2804 2639 3358 2726 saecularibus
3421 2662 3969 2745 generaretur.
4028 2639 4171 2722 IV.
4255 2640 4452 2723 Sur-

1069 2755 1458 2868 ripientes
1511 2755 1828 2874 aliquid
1882 2780 2048 2841 tam
2114 2787 2208 2841 ex
2259 2760 2791 2867 Monasterio,
2846 2791 3097 2879 quam
3148 2790 3244 2844 ex
3296 2757 3498 2842 cella
3554 2755 3966 2863 Fratrum,
4031 2780 4115 2845 et
4164 2759 4269 2842 ab
4321 2790 4452 2844 ex·-

1072 2877 1388 2984 ternis;
1451 2899 1772 2988 praeter
1824 2874 2307 2980 infamiam,
2375 2876 2790 2996 duplicata
2845 2910 3105 2993 poena
3170 2878 3901 2992 proprietariorum
3967 2880 4445 2988 puniantur.

1063 2993 1176 3075 -V.
1242 2994 1416 3104 Qui
1469 3025 1631 3079 non
1689 2998 1993 3082 revelat
2047 2999 2440 3109 pecunias
2458 3062 2487 3101 ‚
2538 3024 2683 3088 aut
2730 3000 2950 3085 bona
3016 2997 3355 3083 mobilia
3391 3058 3414 3102 ‚
3467 3026 3610 3080 seu
3662 2997 4117 3081 immobilia
4171 3004 4449 3115 acqui·-

1055 3116 1224 3198 -sita
1276 3146 1320 3198 a
1384 3145 1470 3200 se
1504 3178 1530 3219 ‚
1585 3115 1727 3202 vel·
1772 3118 1877 3202 ab
1928 3119 2106 3201 aliis
2159 3115 2612 3229 Fratribus,
2648 3123 2877 3206 inter
2938 3119 3520 3231 proprietarios
3582 3141 4078 3223 recensetur,
4133 3141 4215 3202 et
4263 3150 4452 3230 poe-

1072 3264 1176 3317 na
1230 3232 1964 3347 proprietariorum
2044 3236 2508 3347 plectetur.
2595 3238 2976 3325 Eandem
3056 3238 3382 3351 culpam
3438 3299 3461 3340 ,
3529 3258 3612 3323 et
3680 3267 4034 3348 poenam
4084 3240 4449 3324 incurret

1051 3351 1356 3436 ‘Abbas
1399 3416 1430 3467 ,
1499 3357 1641 3470 qui
1720 3355 1937 3440 bona
2005 3356 2487 3448 Monasterii
2566 3367 2651 3448 iu
2721 3360 2903 3446 loco
2984 3355 3473 3445 abscondito
3534 3360 3771 3472 ponit
3833 3359 4009 3442 sine
4086 3354 4445 3446 duorum

1070 3470 1357 3559 saltem
1408 3472 1793 3559 fratrum
1869 3478 2182 3561 notitia.

3782 3696 3837 3719 iu

2449 3721 2520 3807 C
2589 3723 2664 3811 A
2730 3724 2820 3808 P.
2944 3721 3059 3805 X.

2410 3966 2550 4049 De
2608 3964 3096 4078 Apostasia.

1190 4206 1251 4287 1.
1319 4199 1782 4291 Monachus
1831 4210 2347 4322 quicunque,
2398 4208 2463 4288 si
2517 4229 2696 4319 post
2745 4204 3332 4321 professionem
3396 4201 3803 4286 Habitum
3858 4224 4146 4316 sponte
4203 4201 4444 4292 dimi-

1054 4329 1309 4434 serit3
1372 4349 1516 4411 aut
1584 4345 1904 4408 retento
1955 4328 2301 4429 Habitu,
2369 4324 2514 4410 sed
2561 4328 3031 4413 inconsulto
3105 4324 3581 4437 Superiore,
3652 4321 4245 4409 Mouasterium
4301 4323 4442 4414 de·

1059 4448 1469 4554 seruerit3
1533 4474 1726 4529 eum
1777 4462 2069 4559 magna
2136 4444 2584 4548 charitate,
2638 4471 2723 4532 et
2785 4442 3226 4559 prudentia
3299 4474 3341 4526 a
3398 4444 3833 4554 Superiore
3893 4447 4433 4561 requiratur:

1062 4561 1607 4682 qui-{proinde
1659 4593 1802 4675 per
1850 4598 1932 4653 se
1971 4631 1995 4670 ‚
2080 4566 2209 4653 vel
2281 4597 2429 4681 per
2492 4568 2690 4653 alios
2740 4596 3025 4653 omnes
3077 4593 3411 4677 operam
3500 4558 3927 4675 impendat
3963 4623 3987 4669 ‚
4058 4588 4148 4648 ut
4197 4595 4441 4654 ovem

1061 4705 1472 4771 errantem
1523 4682 1627 4769 ad
1679 4686 1894 4770 ovile
1945 4691 2564 4806 quamprimum
2618 4685 3012 4775 reducat:
3071 4680 3591 4769 Redeuntem
3658 4711 3852 4765 cum
3935 4687 4163 4768 omni
4247 4684 4437 4773 cha·

1057 4807 1299 4889 ritate
1324 4822 1497 4909 '„et
1542 4808 1862 4916 paterni
1927 4811 2222 4892 amoris
2298 4807 2897 4917 significatione
2962 4805 3350 4919 recipiat3
3418 4802 3532 4885 Et
3583 4823 4025 4919 antequam
4077 4802 4182 4889 ad
4238 4836 4441 4919 poe·

1062 4956 1208 5011 nas
1258 4924 1715 5035 poenitenti
1793 4926 2344 5040 injungendae.
2409 4927 2859 5039 procedat,
2927 4920 3286 5015 eundem
3340 4919 3632 5006 doceat
3682 4951 3828 5034 per
3875 4953 3961 5009 se
4011 4986 4035 5029 ,
4106 4924 4243 5010 vel
4292 4958 4440 5040 per

1059 5046 1421 5162 aliquem
1470 5073 1567 5130 ex
1618 5043 2001 5132 Patribus
2062 5047 2527 5133 senioribus
2577 5112 2600 5154 ,
2669 5079 2835 5134 uon
2902 5078 3036 5135 eas
3086 5044 3399 5158 imponi
3452 5038 3557 5126 ad
3624 5042 3877 5152 ipsius
3945 5046 4441 5157 poenitentis

1060 5162 1765 5266 destructionem,
1829 5163 1972 5252 sed
2029 5165 2134 5253 ad
2200 5162 2863 5256 aedificationem
2914 5162 3018 5257 et'
3044 5166 3418 5251 salutem.
3487 5158 3705 5244 Cum
3777 5185 4053 5250 autem
4120 5161 4225 5251 ad
4307 5198 4446 5252 su-

1055 5281 1566 5399 scipiendam
1619 5288 2223 5401 correptionem
2276 5290 2498 5373 illius
2549 5294 2920 5376 animum
2982 5286 3199 5373 bene
3285 5304 3855 5400 praeparatum
3905 5281 4156 5370 fuisse
4220 5317 4441 5372 com-

1054 5409 1422 5519 pererit,
1492 5428 1932 5523 sequentes
2007 5413 2558 5523 poenitentias
2614 5410 2885 5498 eidem
2968 5411 3351 5523 injungat
3410 5433 3603 5490 cum
3682 5404 4027 5489 consilio
4098 5406 4438 5494 Patrum

1035 5528 1499 5614 seniorum.
1568 5524 1850 5611 Primo
1902 5523 2025 5612 ad'
2058 5531 2677 5644 praelationem,
2721 5558 2868 5645 p‘er
2932 5526 3607 5651 quinquennium
3661 5520 4053 5609 inhabilis
4104 5522 4298 5634 fiat,
4353 5552 4438 5614 et

1054 5677 1261 5735 voce
1328 5671 1512 5734 tum
1572 5646 1903 5772 activa,
1970 5669 2149 5736 tum
2212 5653 2530 5768 passiva
2564 5656 3027 5769 ‘-privetur,
3093 5670 3180 5736 et
3246 5649 3521 5762 primo
3573 5674 3792 5731 anno
3856 5643 4253 5733 ultimum
4319 5648 4436 5734 lo-
