4834 6409
664 2485 1007 2567 Qualitates

652 2575 988 2642 admitten-

646 2665 888 2733 dorum.

732 4783 789 4848 A
802 4798 944 4848 ntea

627 4875 945 4961 probandi

629 4988 742 5054 per
791 4967 898 5031 ali-

630 5070 791 5144 quot
823 5081 989 5124 men·

628 5170 744 5213 808.

1053 447 1219 565 293
2040 654 2047 661 .
2151 569 2630 682 Die-Laicis,
2698 598 2782 667 et.
2857 581 3280 675 Famula.
3345 590 3388 601 '‘

3739 674 3810 690 *s

3829 690 3877 725 P
3941 666 3950 673 .

1157 811 1225 908 S.
1290 838 1418 922 19.
1487 812 1809 897 Fratres
1858 813 2096 918 laici,
2167 838 2246 901 et
2296 814 2581 909 famuli
2643 825 3113 934 singillatim
3167 829 3606 913 observent
3654 856 3744 911 ea
3785 884 3810 927 ,
3864 855 4073 943 quae
4126 825 4394 940 dispo-

1040 953 1354 1013 nuntur
1427 936 1509 1018 in
1568 934 2118 1021 Instructioue
2172 934 2522 1057 decretis
2586 942 3074 1031 adiicienda.
3184 985 3192 993 ·

2105 1177 2243 1259 De
2308 1213 2653 1269 numero
2728 1182 3321 1271 Alumnorum.

1095 1407 1221 1548 .§·
1292 1443 1428 1495 20.
1512 1415 1746 1501 Licet
1828 1449 1925 1504 ex
1973 1419 2210 1506 Bulla
2261 1417 2770 1513 fundationis
2843 1427 3444 1540 praescribatur
3522 1438 3932 1511 numerus
3988 1428 4395 1543 quinqua-

1036 1549 1259 1638 ginta
1316 1535 1922 1643 Alumnorum,
1992 1541 2295 1656 quibus
2365 1541 2724 1631 addendi
2785 1568 2981 1632 sunt
3044 1547 3181 1631 alii
3264 1545 3433 1629 duo
3482 1577 3578 1630 ex
3633 1546 3913 1654 legatis
3965 1545 4185 1657 Hugi
4239 1547 4397 1634 Or-

1036 1679 1294 1752 vens,
1348 1676 1430 1738 et
1481 1656 1964 1744 Bernardini
2020 1662 2257 1776 Pippi
2309 1726 2332 1769 ,
2407 1687 2759 1753 attamen
2816 1696 3009 1753 cum
3087 1688 3548 1778 praesentes
3597 1662 3951 1774 Collegii
4021 1664 4389 1753 redditus

1039 1765 1143 1852 ad
1194 1772 1586 1860 alendum
1635 1782 2225 1892 praescriptum
2284 1815 2721 1871 numerum
2800 1790 3141 1871 minime
3204 1783 3676 1888 sufficiant,
3759 1815 3912 1895 pro
3975 1816 4201 1872 nunc
4285 1787 4389 1872 ad

1035 1887 1174 1973 50.
1246 1915 1565 1979 tantum
1618 1899 2221 2011 comprehensis
2297 1900 2629 1993 duobus
2691 1907 3078 1991 Alumnis
3146 1905 3544 2013 legatariis
3596 1903 4095 1991 reducimus.

1322 2134 1457 2215 De
1533 2132 2068 2225 admittendis
2098 2204 2124 2249 ,
2176 2163 2257 2229 et
2303 2143 2406 2228 de
2453 2142 2831 2228 methodo
2875 2142 3386 2230 observanda
3457 2147 3553 2227 in
3600 2141 4103 2229 admissione

2412 2263 3006 2349 Alumnorum.

1151 2492 1217 2591 S.
1274 2527 1407 2580 21.
1474 2494 1742 2585 Nemo
1805 2498 2283 2589 admittatur
2350 2504 2566 2589 inter
2614 2503 3073 2610 Alumnos,
3143 2504 3297 2589 nisi
3347 2504 3453 2588 sit
3503 2502 3824 2614 Anglus
3874 2502 4383 2614 Catholicae,

1034 2618 1296 2730 etqui
1348 2636 1583 2700 uatus
1633 2616 1883 2705 fuerit
1931 2625 2014 2706 in
2067 2649 2337 2711 extera
2386 2626 2772 2734 regione,
2825 2624 3109 2710 saltem
3159 2657 3202 2708 a
3258 2623 3497 2711 Patre
3549 2623 3823 2733 Anglo
3871 2627 3975 2708 sit
4026 2627 4376 2733 genitus.

1158 2731 1671 2823 Admittendi
1727 2738 2252 2829 humaniores
2303 2744 2655 2829 calleant
2702 2745 3116 2848 literas,ut
3165 2744 3387 2828 illico
3438 2739 3545 2827 ad
3596 2742 3949 2851 Logicae
3999 2742 4374 2829 studium

1026 2853 1357 2943 valeant
1418 2859 1898 2949 incumbere
1932 2924 1959 2968 ,
2024 2884 2106 2947 et
2152 2896 2348 2950 cum
2420 2863 2574 2950 hac
2649 2866 3070 2951 sanctione
3115 2898 3162 2950 a
3214 2863 3447 2948 Bulla
3488 2926 3516 2965 ‚
3577 2886 3664 2949 et
3715 2863 4022 2972 Regula
4092 2861 4390 2949 funda-

1030 2977 1273 3059 tionis
1354 2983 1844 3095 praescripta
1920 3013 2156 3095 saepe
2206 2985 2525 3095 saepius
2604 3014 2770 3069 non
2846 2986 3024 3069 sine
3083 2990 3435 3068 maximo
3516 2984 3908 3093 Anglicae
3973 2983 4385 3068 Missionis

1030 3090 1524 3184 detrimento
1552 3160 1577 3204 ,
1620 3131 2023 3186 recessum
2076 3099 2349 3208 fuerit,
2390 3100 2745 3220 ideoque
2795 3103 3159 3190 districte
3199 3104 3583 3216 jubemus
3614 3166 3635 3206 ‚
3695 3134 3798 3187 ne
3849 3107 4383 3215 imposterum

1026 3216 1372 3324 juvenes
1436 3220 1517 3301 in
1568 3219 1978 3305 Alumnos
2028 3224 2316 3339 quavis
2366 3219 2473 3308 de
2525 3254 2762 3309 causa
2833 3227 3331 3337 recipiantur
3365 3286 3387 3327 ,
3463 3226 3613 3306 nisi
3695 3222 4239 3307 humanarum
4294 3222 4387 3307 li·

1031 3354 1391 3421 terarum
1440 3335 1705 3423 studia
1760 3340 2285 3427 absolverint.

1145 3451 1369 3539 Cum
1421 3459 1775 3568 optimus
1836 3464 2236 3572 juvenum
2301 3459 2670 3547 delectus
2741 3496 2906 3549 non
2975 3494 3265 3577 parum
3340 3460 3444 3547 ad
3507 3458 4057 3579 assequendos
4139 3460 4380 3549 uber·

1027 3574 1271 3658 rimos
1323 3576 1772 3686 Religiosae
1845 3579 2386 3666 Institutionis
2465 3578 2779 3668 fructus
2861 3579 3296 3697 proficiat,
3370 3612 3686 3667 summa
3755 3585 4032 3697 itaque
4084 3583 4167 3665 in
4223 3582 4391 3667 ele-

1025 3700 1439 3785 ctionibus
1500 3698 1897 3787 faciendis
1969 3698 2389 3810 diligentia
2443 3699 2989 3812 adhibeatur3
3070 3724 3154 3789 et
3211 3701 3804 3815 infrascriptam
3891 3698 4379 3786 methodum

1021 3819 1617 3908 observandam
1695 3818 2213 3905 mandamus.

1143 3941 1444 4027 Rector
1506 3973 1651 4056 per
1700 3944 2012 4026 annum
2065 3963 2299 4025 antea
2361 3942 3139 4028 Eminentissimum
3207 3938 3731 4027 Cardinalem
3792 3940 4374 4043 protectorem,

1020 4091 1270 4173 penes
1333 4093 1583 4182 quem
1651 4083 1816 4146 tota
1880 4063 1981 4145 sit
2064 4061 2488 4146 electionis
2571 4085 2973 4174 potestas,
3054 4062 3492 4161 certioret‚
3551 4091 3761 4177 quae
3841 4060 4014 4143 loca
4068 4055 4379 4144 fuerint

1021 4187 1392 4296 sequenti
1450 4214 1667 4269 anno
1714 4204 2154 4283 vacatura,
2223 4205 2317 4264 ut
2366 4179 2762 4294 expeditis
2824 4211 2968 4293 per
3020 4211 3211 4265 eum
3277 4181 3529 4264 literis
3594 4177 3698 4263 ad
3767 4179 4131 4261 Vicarios
4205 4180 4376 4262 An-

1019 4299 1229 4408 gliae
1261 4365 1291 4403 ,
1365 4334 1511 4415 pro
1563 4298 1964 4386 habendis
2017 4304 2247 4384 novis
2303 4302 2685 4387 Alumnis
2721 4361 2744 4401 ,
2813 4301 3270 4385 committat
3323 4330 3657 4384 examen
3691 4360 3716 4402 ,
3757 4303 3978 4410 juxta
4030 4293 4380 4383 formam

1018 4424 1598 4534 praescriptam
1649 4455 1691 4505 a
1740 4419 2115 4505 Decretis
2168 4419 2632 4504 Cardinalis
2691 4420 3121 4506 Barberiui
3210 4420 3604 4526 senioris3
3691 4423 3751 4501 si
3817 4448 4013 4502 vero
4077 4416 4383 4502 Vicarii

1020 4539 1473 4648 Apostolici
1548 4543 1840 4652 optatis
1918 4539 2362 4652 juvenibus
2425 4561 2806 4643 careant,
2860 4561 3042 4624 tum
3094 4538 3199 4623 ab
3248 4537 3472 4620 Emo
3524 4538 3995 4622 Protectore
4038 4537 4382 4623 Alumni

1018 4684 1114 4739 ex
1166 4655 1554 4769 Collegiis
1608 4660 1869 4745 Duaci
1902 4721 1926 4764 ,
1980 4683 2063 4744 et
2126 4658 2786 4772 Audumaropoli
2839 4657 3418 4775 :exquirantun

1145 4773 1273 4861 Ad
1324 4780 1771 4891 praelectus
1823 4775 2296 4866 candidatos
2332 4777 2869 4893 expediantur
2907 4780 3186 4864 literae
3239 4778 3817 4862 nominationis
3869 4775 4390 4890 subscriptae.

1017 4896 1393 5003 abEr‘iio
1473 4900 2004 5003 Protectore,
2076 4920 2162 4982 et
2235 4904 2412 5013 ejus
2477 4900 2742 5011 sigillo
2818 4900 3240 5003 munitae,
3322 4894 3626 5011 quibus
3701 4896 3942 4985 eiecti
4030 4893 4376 4981 Romam

1018 5018 1440 5105 venientes
1510 5020 1837 5106 labente
1892 5041 2347 5125 autumno,
2419 5022 2871 5130 ingressum
2953 5020 3037 5104 in
3090 5015 3561 5128 Collegium
3607 5013 4202 5120 obtinebuntq·
4239 5045 4375 5101 ve-

1018 5168 1201 5223 rum
1251 5143 1732 5260 priusquam
1783 5140 1865 5222 in
1920 5140 2327 5224 Alumnos
2375 5142 2943 5253 excipiantur,
2994 5169 3140 5250 per
3190 5161 3544 5257 quatuor
3577 5197 3602 5241 ‚
3669 5157 3812 5220 aut
3861 5165 3999 5219 sex
4047 5164 4368 5221 meuses

1015 5256 1098 5341 in
1148 5258 1636 5369 probatione
1684 5258 2197 5362 manebunt,
2252 5290 2419 5375 quo
2474 5286 2839 5374 tempore
2891 5255 3260 5345 officium
3311 5261 3417 5344 sit
3468 5254 3832 5341 Rectoris
3866 5317 3895 5357 ,
3948 5251 4304 5339 Ministri
4342 5316 4371 5359 ,

1014 5398 1103 5469 et⁴
1144 5376 1609 5465 studiorum
1675 5374 2073 5465 Praefecti
2127 5375 2233 5462 de
2279 5383 2651 5468 moribus
2687 5439 2712 5483 ‚
2781 5375 3064 5465 indole
3112 5442 3136 5485 ,
3218 5379 3550 5488 ingenio
3583 5439 3609 5480 ,
3695 5370 4220 5478 valetudine,
4289 5397 4374 5458 et

1014 5500 1440 5586 vocatione
1488 5498 1779 5586 sedulo
1829 5499 2251 5615 inquirere
2283 5561 2310 5605 ‚
2384 5524 2476 5588 ut
2522 5503 2589 5586 si
2658 5498 2842 5615 quis
2887 5501 3163 5585 minus
3216 5497 3561 5585 idoneus
3615 5494 4064 5608 reperiatur
4096 5553 4122 5597 ‚
4176 5524 4372 5581 cum

1013 5650 1340 5706 assensu
1412 5622 1614 5708 Effii
1663 5620 2156 5706 Protectoris
2226 5623 2497 5707 statim
2549 5618 3032 5707 dimittatur.
