4834 6409
1006 395 1178 477 29²
1273 436 1281 449 ·
1998 456 2013 474 κ
4225 464 4240 479 .

1011 481 1373 568 indultis
1406 544 1432 588 ,
1487 503 1573 568 et
1645 480 1903 567 literis
1952 479 2446 594 Apostoliois
2509 480 2598 568 in
2664 480 3178 573 contrariam
3227 466 4411 597 praemissorum'qnomodoe·

1013 605 1225 689 libet
1283 604 1687 688 concessis
1733 663 1759 707 ,
1823 601 2384 705 confirmatis,
2435 624 2521 695 et
2565 604 3059 718 innovatis:¹
3092 600 3426 711 Quibus
3469 599 3916 706 omnibus,
3967 620 4051 681 et
4101 593 4386 702 singu-

1019 725 1118 809 lis
1196 722 1526 807 illorum
1597 746 1923 809 tenores
1972 723 2540 834 praesentibus
2604 754 2755 836 pro
2805 724 3112 836 plene,
3187 743 3274 807 et
3353 717 3865 808 sufficienter
3924 713 4384 831 expressis,

1022 875 1116 930 ac
1166 839 1272 928 de
1322 844 1581 928 verbo
1630 840 2136 949 adverbum
2192 845 2517 927 insertis
2570 842 3020 947 babentes,
3074 842 3240 928 illis
3288 840 3484 927 alias
3531 844 3615 927 in
3669 870 3823 926 suo
3859 830 4155 925 robore
4200 855 4391 947 perd

1021 965 1485 1067 mansuris,
1563 961 1666 1046 ad
1720 965 2346 1075 praemissorum
2431 959 2830 1049 effectum
2895 961 3050 1047 hac
3109 963 3298 1049 vice
3366 956 3795 1046 dumtaxat
3856 951 4378 1073 specialiter,

1021 1107 1106 1170 ct
1168 1113 1534 1195 expresse
1587 1080 2073 1191 derogamus
2103 1143 2131 1185 ,
2195 1084 2655 1198 ceterisque
2701 1083 3151 1171 contrariisl
3188 1082 3887 1201 quibuscumque.
4377 1087 4393 1127 ¹

1146 1201 1457 1289 Datum
1532 1201 1838 1286 Romae
1887 1198 2109 1315 apud
2175 1201 2255 1284 S.
2309 1201 2655 1291 Mariam
2700 1201 3106 1317 Maiorem'
3152 1200 3313 1288 suh
3361 1200 3707 1287 Annulo
3771 1191 4212 1287 piscatoris·
4251 1183 4396 1274 die

1037 1326 1167 1431 14.
1225 1322 1727 1435 Septembris
1788 1322 2037 1436 1739.
2091 1323 2330 1409 Pont.
2387 1326 2640 1410 nostri
2712 1354 2940 1408 anno
2978 1321 3092 1407 X.
4379 1357 4384 1362 ·

1200 1654 1773 1803 *Confirmatio
1848 1683 2442 1775 nonnullorum
2487 1686 3046 1771 Deera-torum
3102 1718 3260 1798 pro
3316 1684 3692 1805 Collegio
3738 1682 4219 1806 Anglorum

2250 1823 2711 1919 nuncupat.
2769 1805 2877 1890 de
2932 1805 3182 1891 Urbe.

1625 2043 2667 2160 CLEMENS
2784 2042 3333 2156 PAPA
3448 2043 3792 2218 xit.

1920 2346 1925 2349 -
1975 2289 2133 2380 Ad
2159 2308 2662 2405 perpetuam
2733 2295 2870 2376 rei
2930 2296 3457 2378 memoriam.

655 2551 871 2656 Quare
897 2561 1024 2613 sta-
1173 2435 1337 2621 4&
1356 2531 1752 2648 postolica
1804 2532 2011 2621 haec
2053 2531 2357 2649 Sancta
2404 2527 2663 2617 Sedes
2698 2595 2728 2635 ‚
2812 2555 2909 2617 ut
2955 2531 3238 2649 quales
3286 2529 3391 2617 ad
3443 2534 3902 2618 animarum
3990 2535 4333 2620 salutem
4372 2556 4404 2640 ,¹

655 2654 794 2794 Ἕω
843 2662 911 2748 3¹¹.
1048 2680 1134 2751 et
1192 2656 1354 2742 Dei
1428 2654 1767 2767 gloriam
1816 2649 2130 2743 Christi
2180 2651 2660 2757 Ministros,
2724 2674 2810 2738 et
2853 2650 3479 2768 Dispensatores
3537 2652 4182 2740 Ministeriorum
4247 2655 4412 2740 Dei

654 2733 977 2887 1512‘222‘5’,
1049 2782 1338 2891 optat,
1404 2774 1606 2861 tales
1655 2771 1813 2866 sibi
1864 2768 2254 2859 formaret
2300 2771 2922 2880 integerrimos,
2999 2792 3249 2895 atque
3295 2771 3769 2858 Christiano
3829 2773 4140 2889 populo
4188 2771 4411 2860 exhi-

665 2934 751 2977 no
808 2912 998 2977 aemi·
1048 2896 1336 3005 heret,
1389 2898 1475 2983 in
1531 2890 2021 2979 Tridentina
2091 2887 2432 3003 Synodo
2498 2887 3034 2979 statuendum
3092 2894 3620 2997 curavit·,-ut
3665 2896 3752 2977 in
3814 2894 4204 2981 omnibus
4250 2892 4416 2979 Ec·

665 3000 993 3110 ”⁸¹³⁰,mm
1055 3016 1317 3105 clesiis
1377 3008 2017 3099 cathedralibus
2067 3070 2094 3113 ,
2158 3008 2305 3095 ubi
2376 3005 2799 3096 redituum
2848 3072 2880 3114 ,
2947 3010 3490 3133 locorumque
3554 3011 3925 3098 conditio
3958 3075 4014 3117 ,-
4050 3012 4418 3126 patiebass

657 3108 913 3161 crecuo.
1053 3158 1191 3226 tur
1225 3196 1250 3238 ,
1318 3129 1967 3218 adolescentium
2044 3127 2420 3239 Collegia
2457 3190 2484 3235 ‚
2549 3131 2722 3219 sive
2781 3130 3288 3238 Seminaria,
3357 3162 3455 3217 ex
3542 3132 3848 3251 quibus
3905 3135 4408 3247 'experientia

1050 3258 1427 3364 magistra
1482 3272 1998 3364 compertum
2046 3270 2267 3352 erat,
2327 3270 2637 3369 quauta
2697 3248 3179 3337 Catholicae
3262 3250 3714 3360 Ecclesiae,
3746 3252 4055 3338 utilitas
4114 3254 4420 3338 exutis-‘-

1051 3396 1230 3476 set,
1294 3372 1969 3474 instituerentur,
2027 3392 2276 3485 atque
2325 3369 2662 3454 insimul
2717 3371 2968 3475 ratio,
3037 3401 3201 3488 qua
3248 3372 4208 3491 erigantur,·erectaque
4254 3371 4419 3458 Ec-

1051 3493 1517 3583 clesiasticis
1562 3484 1965 3577 Institutis
2013 3485 2552 3594 erudiantur,
2619 3490 3220 3577 consultissime
3273 3489 3754 3577 traderetur.

727 3604 1026 3672 Aliorum
1168 3610 1234 3712 S.
1303 3642 1375 3699 1.
1440 3609 1664 3695 Hinc
1715 3609 1911 3694 Pius
1961 3609 2105 3693 IV.
2160 3605 2296 3695 fel.
2348 3638 2518 3695 rec.·
2567 3608 2874 3725 aliique
2921 3610 3517 3730 subsequentes
3575 3610 3926 3696 Romani
3976 3606 4421 3699 Pontifices

666 3698 956 3854 ῗξέξὲο
1053 3728 1723 3821 praedecessores
1771 3727 2104 3834 Nostri,
2171 3752 2265 3815 ut
2326 3730 2623 3814 ceteris
2705 3730 3240 3818 Antistitibus
3320 3720 3695 3846 exemplo
3779 3731 4187 3846 praeirent
4234 3791 4260 3835 ,
4325 3759 4426 3817 ac
4493 3816 4498 3827 ,

665 3878 1004 3946 Nationum
1054 3849 1319 3938 facem
1370 3846 1926 3966 praeferrent,
1993 3847 2603 3965 quamplurima
2677 3850 2762 3933 in
2819 3846 2974 3936 hac
3023 3849 3234 3936 alma
3273 3849 3525 3953 ¹Urbe
3574 3852 4044 3963 praesertim
4080 3915 4110 3953 ‚
4174 3872 4430 3970 atque

669 3966 1253 4127 ⁰⁰¹¹gg³³flalibi
1318 4002 1365 4056 a
1425 3966 1989 4057 fundamentis
2052 3971 2393 4057 excitata
2462 3991 2641 4054 tum
2727 3999 2878 4082 pro
2949 3972 3325 4055 omnium
3391 3968 4164 4075 indiscriminatim,
4239 3991 4429 4056 tum
4503 4040 4508 4050 .

667 4060 805 4218 ξεῖ
838 4082 992 4219 ωῗζ
1060 4119 1211 4211 pro
1259 4087 1848 4179 nonnullarum
1899 4089 2242 4174 seorsim
2323 4086 2781 4176 Nationum
2856 4083 3281 4176 dumtaxat
3357 4086 3799 4179 commodo
3865 4088 4233 4200 Collegia
4261 4104 4430 4195 ,et

672 4210 1513 4322 ‚tmffl3015eminaria
1554 4271 1582 4314 ,
1640 4229 1892 4324 atque
1941 4207 2333 4294 instructa
2384 4207 2941 4295 saluberrimis
2975 4210 3223 4297 etiam
3274 4207 3594 4323 legibus
3631 4271 3655 4316 ,
3708 4239 3805 4297 ac
3853 4208 4156 4320 regulis
4202 4239 4430 4297 com-

681 4335 1031 4440 pyohorum
1062 4330 1385 4422 munire
1433 4325 1959 4415 studuerunt.
2020 4324 2443 4434 Quoniam
2481 4351 2770 4413 autem
2833 4330 3106 4414 omnia
3168 4329 3675 4416 sanctissime
3743 4334 4185 4423 constituta
4223 4393 4254 4435 ,
4295 4330 4428 4417 ni·
4511 4400 4524 4410 .

672 4448 955 4584 *3‘32‘2.m
998 4516 1014 4534 .
1059 4450 1125 4537 si
1179 4445 1677 4559 advigiletm·
1721 4508 1748 4551 ,
1800 4467 1898 4531 ut
1942 4441 2235 4533 eadem
2288 4462 2466 4563 'quo
2541 4447 2647 4531 ab
2697 4449 2935 4531 initio
3000 4468 3296 4536 statuta
3373 4451 3660 4561 spiritu
3701 4512 3726 4557 ,
3828 4471 4079 4569 atque
4133 4448 4426 4539 iisdem
4511 4524 4526 4532 -

668 4539 1017 4680 mining?
1058 4565 1451 4681 deinceps
1482 4627 1510 4673 ,
1589 4565 1898 4685 quibus
1944 4561 2153 4657 dum
2205 4567 2520 4679 primus
2585 4568 2666 4651 in
2723 4566 3166 4654 virtutibus
3212 4563 3700 4683 proficiendi
3750 4564 3992 4655 ardor
4053 4567 4425 4659 fervebat
4511 4642 4522 4649 .

675 4698 844 4776 data.
1057 4685 1541 4803 disciplinae
1602 4683 1895 4770 studiis
1930 4748 1954 4791 ,
2016 4705 2328 4770 servata
2379 4707 2574 4771 sunt
2600 4747 2630 4789 ,
2681 4685 3214 4799 imposterum
3268 4684 3890 4796 custodiantur,
3943 4688 4175 4805 lapsu
4227 4692 4428 4780 temss

1056 4809 1328 4923 poris,
1415 4807 1716 4895 sensim
1796 4806 1882 4893 in
1971 4800 2605 4893 desuetudinem
2691 4804 2920 4893 abire
2982 4806 3611 4922 conspiciuntur
3656 4868 3682 4913 ,
3749 4831 3846 4895 ut
3917 4840 4104 4895 non·
4157 4810 4428 4921 solum
4531 4883 4538 4892 .

1056 4950 1268 5014 sarta
1306 4990 1331 5034 ,
1387 4948 1767 5046 tectaque
1817 4953 2137 5038 semper
2185 4927 2763 5032 consisterent,
2817 4954 3107 5012 verum
3157 4926 3405 5012 etiam
3445 4925 3854 5013 'stabiliori
3903 4920 4424 5021 observantia

1057 5045 1636 5151 firmarentur,
1702 5042 1952 5131 iidem
2006 5039 2673 5141 Praede'cessores
2745 5048 2998 5131 nostri
3050 5042 3661 5134 consueverunt
3697 5108 3721 5154 ,
3799 5038 4270 5135 -u'onnullos'
4301 5052 4428 5136 in-

1059 5165 1843 5282 terdum'deputare
1909 5159 2588 5276 „diligentissimos
2665 5166 3218 5277 inspectores,
3283 5168 3429 5284 qui
3477 5158 3842 5288 Collegia
3878 5231 3911 5271 ,
3972 5199 4120 5289 seu
4172 5169 4430 5285 Semi-
4539 5244 4554 5253 .

1059 5289 1284 5377 naria
1362 5279 1845 5403 hujusmodi
1895 5283 2043 5373 etsi
2118 5281 2454 5396 legum,
2537 5281 3174 5405 tegularumque
3249 5289 3940 5403 praescriptarum
3989 5288 4429 5407 observauss
4553 5358 4566 5373 .

1056 5409 1367 5503 tissima
1416 5403 1813 5499 adeuntes
1849 5467 1875 5512 ,
1953 5402 2310 5510 abusus,
2374 5404 2439 5496 si
2518 5407 2665 5521 qui
2733 5399 2944 5491 forte
3007 5406 3588 5521 irrepsissent,
3642 5403 4081 5515 tollerent,
4149 5409 4430 5512 novis,
4563 5482 4576 5493 .

1058 5559 1267 5660 quas
1329 5530 1955 5653 opportunitas,
2018 5554 2115 5614 ac
2162 5522 2372 5615 ratio
2425 5520 2868 5616 suaderent
2949 5521 3416 5618 indicendis
3499 5525 3820 5643 legibus
3857 5520 4438 5618 'collabentem
