4834 6409
1073 499 1127 582 3
1199 527 1247 580 o
2844 576 2849 581 .

1072 527 1481 731 Myajestati
1532 615 1835 725 gratiae
1883 611 2245 723 agendae
2295 637 2513 700 sunt.
2582 610 2989 719 Quocirca
3046 614 3334 703 Abhas
3409 611 3836 701 Generalis
3914 644 4102 699 cum
4158 611 4444 725 Hegu-

1071 740 1395 840 meniS‚
1473 758 1556 819 et
1630 734 2448 819 omnibusPatribns
2524 732 2982 819 Vocalibn's
3045 762 3238 823 ante
3319 758 3630 850 portam
3711 735 4066 829 mediam
4136 734 4440 819 Altaris

1073 854 1444 970 procidat
1495 856 1576 937 in
1633 885 1895 964 genna
1952 857 2258 966 primus
2324 860 2496 967 ipse
2547 917 2570 960 ,
2653 849 2959 942 deinde
3026 882 3381 974 quatuor
3456 853 3917 961 Hegumeni
3957 917 3982 961 ,
4065 886 4247 938 mox
4319 886 4439 941 re-

1072 979 1277 1094 liqui
1328 980 1552 1089 juxta
1604 971 1982 1059 ordinem
2031 1007 2295 1059 suum.
2366 977 2587 1059 Turn
2642 978 2982 1090 incipiat
3032 979 3451 1063 Psalmum
3512 974 3699 1081 148.
3770 978 4105 1092 reliquis
4159 974 4424 1080 hunc,

1069 1121 1152 1182 et
1200 1095 1407 1181 duos
1476 1117 1909 1212 sequentes
1962 1094 2167 1179 Psal.
2241 1126 2428 1178 mox
2495 1095 2956 1181 alternatim
3026 1096 3602 1184 cantantibuS.
3684 1094 4071 1181 Laudate
4135 1096 4439 1179 Domi-

1068 1248 1275 1300 num
1322 1214 1424 1298 de
1480 1213 1779 1318 Coelis,
1835 1213 2174 1297 laudate
2222 1246 2411 1298 eum
2483 1220 2574 1298 in
2638 1217 3217 1330 excelsisetc.
3285 1215 3621 1324 Quibus
3690 1214 3946 1301 finitis
4008 1245 4437 1323 assurgens

1068 1335 1355 1420 Abbas
1405 1333 1832 1419 Generalis
1869 1397 1892 1440 ,
1957 1359 2341 1452 stansque
2394 1340 2476 1419 in
2531 1359 2757 1450 porta
2824 1336 3149 1442 media,
3216 1366 3658 1421 conversus
3708 1334 3812 1421 ad
3868 1335 4176 1440 Altam,
4243 1334 4311 1416 F
4318 1368 4440 1420 ra·

1069 1457 1334 1541 tribus
1382 1452 1828 1564 genuflexis
1863 1518 1886 1559 ‚
1942 1478 2417 1571 sequentem
2477 1461 3025 1569 precationem
3081 1456 3478 1543 recitabit.
3537 1455 3885 1539 Gratias
3935 1459 4273 1571 agimus
4323 1461 4428 1539 ti-

1066 1577 1160 1659 bi
1203 1578 1438 1660 Deus
1479 1591 1754 1655 noster
1777 1637 1800 1678 ‚
1864 1572 2239 1658 Trinitas
2290 1576 2870 1685 Sanctissima,
2927 1581 3187 1663 Pater
3213 1640 3236 1682 ‚
3288 1594 3369 1659 et
3415 1573 3632 1678 Fili,
3679 1594 3760 1658 et
3805 1577 4171 1689 Spiritus
4222 1574 4432 1659 San-
4478 1642 4483 1645 -

1066 1713 1194 1779 cte
1227 1758 1256 1797 ‚
1305 1698 1704 1813 quoniam
1754 1700 1971 1778 sicut
2019 1693 2136 1793 ad
2196 1714 2434 1778 tuum
2484 1693 2665 1780 Nos
2708 1698 3226 1812 peculiarem
3258 1693 3800 1811 famulatum
3876 1700 4427 1801 assumpsisti,

1063 1833 1317 1930 atque
1368 1819 1458 1897 in
1530 1814 1861 1900 Sanctis
1950 1813 2549 1902 Tabernaculis
2625 1824 2791 1902 tuis
2858 1817 3280 1902 collocasti
3323 1880 3352 1919 ‚
3387 1814 3883 1930 fratresque
3958 1818 4076 1922 ins
4120 1819 4448 1927 spiritu*

1062 1939 1540 2050 conjunctos
1581 1929 1952 2049 ‘effiz‘cisti
1984 1996 2007 2038 ‚
2070 1954 2151 2018 et
2200 1940 2708 2021 constituisti
2757 1943 2846 2021 in
2894 1942 3197 2024 Monte
3274 1937 3477 2021 Sion
3516 1996 3541 2038 ‚
3604 1940 3760 2051 qui
3803 1952 3926 2018 est
3984 1932 4423 2050 religiosus

1065 2072 1333 2138 status
1370 2116 1395 2159 ‚
1439 2082 1749 2167 ponens
1808 2066 2106 2164 pacem'
2131 2056 2360 2172 fines
2424 2088 2611 2141 suos
2650 2122 2674 2165 ,
2741 2089 3146 2174 muroque
3204 2051 3777 2140 circumdatus
3844 2050 4360 2139 obedientiae
4396 2065 4462 2162 ‚'

1055 2177 1500 2279 castitatis,
1563 2190 1645 2255 et
1706 2171 2224 2257 voluntariae
2265 2182 2790 2288 paupertatis
2839 2243 2869 2281 ,
2946 2209 3110 2294 quo
3157 2172 3727 2290 spectaculum
3760 2173 4172 2288 fieremus
4240 2174 4426 2261 An·-

1052 2292 1294 2410 gelis‚
1359 2311 1441 2375 et
1488 2292 2010 2378 hominibus:
2053 2298 2177 2378 ita
2223 2294 2467 2378 lzodie
2508 2303 2796 2414 gratia
2851 2317 3000 2380 tua
3049 2300 3466 2380 innovasti
3513 2291 3970 2396 vinculum,
4022 2324 4186 2407 quo
4214 2298 4424 2408 jun·

1048 2417 1338 2529 gimur
1382 2409 1817 2496 dilectioni
1883 2431 2130 2497 tuae:
2186 2446 2496 2533 nosque
2564 2422 2652 2519 in
2719 2417 3269 2500 Hierarchias
3320 2477 3344 2517 ‚
3417 2432 3498 2496 et
3568 2413 3878 2496 Choros
3953 2416 4044 2494 in
4115 2413 4422 2498 simili-

1049 2530 1427 2616 tudinem
1487 2529 2009 2650 Angelorum
2059 2533 2543 2620 distinxisti
2599 2534 2732 2636 acl
2764 2535 3053 2653 officia
3107 2536 3561 2620 ministerii
3634 2536 3766 2613 tui
3826 2536 3955 2613 in'
3996 2531 4415 2619 Paradiso

1049 2649 1341 2737 domus
1392 2669 1586 2737 tuae
1633 2718 1663 2755 ,
1713 2685 1965 2769 quem
2026 2654 2441 2767 plantasti
2502 2658 2737 2741 nobis
2773 2720 2798 2762 ,
2877 2674 2959 2739 et
3009 2661 3097 2740 in
3146 2672 3311 2771 quo
3360 2685 3506 2737 nos
3558 2650 3989 2735 collocasti
4034 2715 4059 2755 ,
4102 2670 4421 2770 ‘nosque

1053 2771 1299 2865 illum
1352 2802 1887 2885 operaremur
1916 2838 1938 2879 ‚
1993 2773 2601 2887 beneplacitum
2654 2795 2896 2871 tuum
2953 2776 3477 2892 perficientes
3507 2835 3530 2876 ‚
3582 2790 3661 2854 et
3711 2772 4082 2854 Divinae
4131 2771 4420 2857 volun-

1047 2898 1211 2976 tati
1255 2911 1451 2978 tuae
1512 2893 2060 3010 obsequentes.
2117 2894 2229 2979 Et
2279 2927 2502 2978 nunc
2566 2897 2933 2981 Domine
2982 2900 3217 2983 Deus
3267 2913 3496 2977 tuere
3556 2921 3734 2993 nos,
3796 2908 3878 2972 et
3923 2889 4252 2994 custodi
4299 2898 4421 2978 vi·
4480 2892 4485 2901 ’

1044 3043 1289 3096 neam
1342 3017 1646 3116 istam,
1705 3044 1996 3130 quam·
2011 3013 2427 3127 plantasti
2471 3013 2827 3099 dextera
2891 3034 3040 3101 tua
3069 3080 3091 3119 ‚
3145 3033 3224 3098 et
3272 3011 3614 3097 domum
3684 3028 3923 3092 tuam
3972 3008 4332 3126 aedifica
4383 3075 4412 3116 ,

1045 3163 1306 3250 quam
1358 3136 1662 3216 virtute
1709 3151 1859 3215 tua
1894 3132 2337 3249 fundasti:
2380 3140 2589 3251 quia
2632 3140 2805 3221 nisi
2849 3155 2942 3220 tu
3001 3139 3369 3222 Domine
3418 3128 3994 3244 aedificaveris
4043 3128 4411 3237 domum,

1014 3247 1386 3368 frustra
1438 3250 1793 3377 vigilant
1823 3314 1844 3356 ,
1898 3260 2051 3369 qui
2097 3253 2570 3338 custodiunt
2628 3287 2841 3339 eam.
2895 3259 3042 3342 Da
3090 3258 3458 3340 Domine
3506 3254 4016 3334 assistricem
4087 3248 4414 3334 sedium

1041 3389 1383 3454 tuarum
1430 3374 1930 3480 sapientiam
1990 3378 2096 3458 iis
2127 3438 2149 3478 ‚
2205 3406 2408 3490 quos
2466 3374 2581 3459 ad
2642 3381 3205 3461 ministerium
3266 3370 3556 3456 domus
3608 3389 3803 3453 tuae
3849 3367 4201 3486 elegisti.
4252 3372 4412 3454 Be·

1048 3489 1294 3606 nesae
1341 3489 1605 3595 nobis,
1657 3509 1736 3573 et
1781 3490 2035 3576 corda
2084 3512 2362 3578 nostra
2426 3497 2906 3615 sanctifica,
2962 3514 3437 3609 mentesque
3486 3510 3811 3574 nostras
3863 3493 3952 3571 in
4016 3492 4410 3608 obsequio

1040 3630 1181 3693 tuo
1242 3608 1651 3723 confirma
1678 3673 1702 3716 ‚
1756 3611 2449 3699 intercedentibus
2505 3617 2819 3701 Sancta
2868 3619 3042 3702 Dei
3116 3615 3546 3699 Genitrice
3594 3606 3901 3694 Maria
3983 3608 4348 3728 Virgine
4380 3674 4405 3717 ,
4472 3617 4479 3625 ’

1035 3749 1115 3814 et
1162 3732 1663 3839 Beatissimo
1722 3732 1980 3816 Patre
2040 3752 2313 3818 nostro
2365 3735 2448 3818 S.
2530 3736 2903 3820 Antonio
2978 3742 3312 3852 fflagno
3364 3795 3387 3838 ,
3454 3748 3551 3847 et¹
3585 3730 3967 3812 omnibus
4042 3730 4402 3815 Sanctis.

1037 3849 1381 3935 Fratres.
1438 3848 1740 3933 Amen.
1780 3850 2111 3938 Deinde
2164 3854 2447 3938 Abbas
2496 3855 2949 3966 Generalis,
3004 3853 3209 3940 facta
3263 3832 4053 3953 Altari²ieverentia‚
4108 3846 4214 3934 ad
4264 3880 4405 3936 eos

1033 3967 1309 4054 adhuc
1371 3966 1839 4079 genuflexos
1905 4004 2375 4081 conversus,
2415 3971 2609 4061 facit
2659 3976 3263 4060 absolutionem
3316 3970 3781 4082 generalem
3833 3971 3915 4052 in
3972 3967 4174 4056 haec
4222 4000 4407 4057 ver-

1031 4091 1165 4174 ba.
1231 4089 1464 4173 Deus
1515 4094 2011 4175 misereatur
2057 4099 2334 4205 vestri,
2383 4115 2464 4180 et
2525 4093 2902 4179 dimittat
2949 4093 3230 4178 debita
3282 4110 3557 4177 vestra
3589 4152 3612 4195 ‚
3660 4106 3742 4170 et
3804 4090 4123 4173 tribuat
4173 4093 4394 4175 vobis
4468 4090 4503 4119 ”

1031 4208 1634 4294 absolutionem
1670 4272 1692 4314 ‚
1733 4228 1815 4293 et
1862 4217 2433 4300 remissionem
2498 4221 2875 4299 omnium
2918 4233 3452 4329 peccatorum
3503 4226 3958 4295 vestrorum
3996 4241 4014 4288 ε
4070 4209 4178 4293 In
4223 4207 4403 4295 No-

1033 4334 1260 4413 mine
1314 4323 1419 4428 ff<
1461 4330 1749 4414 Patris
1782 4394 1812 4435 ³
1863 4351 1943 4415 et
1974 4330 2079 4435 ἐξ(
2116 4334 2333 4418 Filii
2362 4401 2389 4439 ,
2440 4354 2518 4419 et
2566 4333 2671 4438 ff<
2716 4330 3082 4449 Spiritus
3135 4335 3449 4418 Sancti.
3506 4328 3574 4411 F
3583 4352 3858 4413 ratreS.
3915 4324 4223 4415 Amen.
4281 4330 4397 4417 Et

1029 4474 1440 4651 surgunt,d
1455 4452 1801 4568 ejusque
1851 4485 2186 4538 manum
2243 4454 2685 4543 ordinatim
2747 4459 3275 4562 osculantur,
3316 4475 3423 4539 ‘et
3471 4446 3578 4537 ad
3630 4479 3813 4532 suas
3874 4449 4175 4560 singuli
4231 4451 4394 4537 cel·

1036 4569 1151 4654 las
1200 4600 1381 4656 sece
1446 4592 1625 4653 unt.
3326 4594 3333 4601 ·
3960 4579 3967 4585 ’

2393 4694 2464 4779 C
2532 4699 2607 4783 A
2676 4698 2769 4782 P.
2885 4696 3037 4781 ΙΙΙ.

1578 4930 1717 5016 De
1773 4935 2432 5054 Congregatione
2499 4938 3168 5058 Hegumcrorum
3204 4998 3233 5039 ,
3298 4953 3383 5023 et
3429 4934 3824 5021 electione

1798 5055 2221 5141 Abbatum
2273 5058 2771 5145 Provinciae
2809 5124 2832 5167 ,
2897 5057 3028 5146 vel
3083 5058 3622 5145 fisonasterii.

1142 5286 1203 5369 I.
1271 5286 1819 5402 Congregatio
1869 5292 2555 5407 Hegumenorum
2611 5300 2723 5416 ⁴de
2789 5302 3151 5388 semestri
3212 5299 3296 5383 in
3351 5316 3824 5383 semestrem
3890 5296 3997 5382 ab
4047 5300 4383 5390 Abbate
4474 5292 4479 5295 ⁸

1021 5406 1440 5510 Generali,
1502 5431 1586 5495 et
1633 5434 1989 5531 quatuor
2039 5416 2549 5529 Hegumenis
2603 5424 3122 5533 celebretur3
3186 5441 3269 5503 et
3308 5417 3640 5536 'quoties
3699 5413 3807 5503 de
3852 5419 4101 5507 rebus
4138 5454 4382 5533 agen·

991 5526 1222 5647 *dnm
1271 5550 1442 5634 est,
1510 5553 1653 5615 ant
1717 5529 1957 5620 valde
2007 5541 2548 5650 urgentibus,
2615 5548 2758 5629 *aut
2822 5562 3304 5657 potestatem
3354 5533 3731 5651 ejusdem
3794 5533 4473 5654 congregatio-T

1016 5651 1141 5734 nis
1191 5650 1727 5761 exigentibus.
1797 5652 1902 5737 11.
1970 5654 2236 5746 Penes
2286 5662 2710 5753 Abbatem
2773 5662 3263 5752 Gener-alem
3319 5677 3441 5746 est
3514 5656 3737 5743 illam
3794 5656 4215 5773 indicere,
4265 5665 4378 5752 ei-
4450 5666 4457 5673 ’
