4834 6409
1080 425 1141 513 9
1204 512 1890 604 Eminente’ssimi
1930 507 2388 598 dixerunt:
2458 504 3079 628 Exequendum
3140 539 3314 599 esse
3361 506 3819 599 Decretum
3878 505 4468 624 Eminentissi-

1081 639 1217 731 mi,
1255 634 1365 724 de
1411 635 1814 721 Tournon
1851 633 1895 742 ,‘
1931 663 2124 721 cum
2177 632 2734 722 declaratione
2784 652 3059 720 tamen
3091 696 3115 740 ,
3172 625 3661 721 servandam
3698 659 3869 747 esse
3915 628 4271 719 formam
4303 663 4462 748 pro

1083 756 1641 845 Matrimoniis
1689 785 1735 839 a
1786 752 1967 840 Sao.
2021 751 2405 841 Concilio
2454 747 2951 840 Tridentino
3010 756 3594 871 praescriptam
3645 754 3730 837 in
3790 751 3989 837 locis
4015 816 4048 856 ,
4109 755 4201 842 in
4267 747 4455 872 qui·

1089 878 1254 964 bus
1298 875 1756 962 Decretum
1807 871 2013 959 dicti
2075 871 2436 961 Concilii
2501 877 2588 960 in
2653 902 2826 987 cap.
2889 877 3159 988 primo
3234 869 3419 960 sess.
3477 879 3612 984 24.
3668 869 3776 958 de
3828 869 4224 958 Reform..
4268 878 4446 959 ma·

1093 997 1314 1086 trim.
1366 994 1888 1111 publicatum
1937 1017 2110 1105 est,
2176 1017 2259 1082 et
2308 998 2392 1081 in
2447 1020 2867 1109 posterum
2932 995 3498 1108 publicabitur
3532 1058 3562 1099 ,
3627 1021 3902 1110 neque
3950 995 4132 1107 ejus
4180 992 4461 1081 obser·

1087 1118 1369 1206 vantia
1420 1118 1528 1200 sit
1586 1115 2108 1228 impossibilis
2138 1178 2163 1222 ,
2228 1137 2313 1202 et
2369 1113 2869 1202 Missionarii
2929 1138 3281 1218 curent,
3332 1138 3742 1233 quantum
3794 1108 3972 1198 fieri
4007 1135 4332 1228 potest,
4365 1136 4467 1200 ut

1093 1241 1184 1323 in
1246 1234 1638 1322 omnibus
1688 1233 1888 1322 locis
1932 1234 2424 1323 Missionum
2477 1237 2810 1323 illarum
2857 1236 3218 1347 partium
3286 1234 3604 1322 dictum
3653 1233 4109 1320 Decretum
4159 1231 4466 1322 Conci-

1091 1357 1189 1443 lii
1240 1357 1751 1473 publicetur.

2061 1474 2328 1560 Feria
2377 1481 2458 1586 4.
2523 1474 2663 1560 die
2736 1477 2862 1562 13.
2922 1473 3171 1558 Maii
3240 1473 3491 1589 1733.

1221 1596 1561 1684 Sextum
1612 1591 2016 1682 dubium:
2055 1593 2205 1680 An
2231 1658 2257 1705 ,
2305 1614 2386 1679 et
2435 1593 2847 1715 quomodo
2892 1593 3217 1679 dictum
3258 1593 3683 1678 decretum
3715 1577 3830 1677 sit'
3867 1589 4476 1713 exequendum·

1095 1724 1188 1803 in
1234 1750 1337 1804 ea
1389 1740 1636 1832 parte
1663 1780 1688 1824 ‚
1739 1740 1963 1833 quae
2027 1733 2150 1799 est
2230 1713 2539 1801 tenoris
2586 1748 2673 1800 se
2735 1721 3065 1799 uentis:
3132 1712 3250 1796 Et
3297 1716 3691 1833 quoniam
3745 1709 3970 1826 apud
4030 1715 4459 1828 peritiores

1093 1841 1401 1955 impiae
1450 1840 1671 1924 illius
1717 1835 2133 1948 religionis
2182 1860 2618 1924 sectatores
2668 1749 2881 1948 {aly
2928 1829 3374 1951 praesefert
3424 1835 3864 1944 imaginem
3892 1896 3918 1940 ‚
3959 1831 4154 1919 licet'
4200 1828 4457 1920 infor-

1090 1989 1317 2044 mem
1368 1959 1822 2070 Pulleyaris
1845 2021 1878 2061 ,
1939 1986 2084 2040 seu
2136 1955 2564 2072 Pyllejaris
2614 1953 2814 2058 idoli
2882 1953 3392 2069 nuptialibus
3448 1956 3933 2040 ceremoniis
3981 1957 4453 2069 praepositi,

1096 2076 1489 2196 Cumque
1539 2075 1935 2164 dedeceat
1983 2073 2461 2162 christianas
2539 2076 2931 2163 mulieres
3000 2075 3252 2160 talem
3303 2071 3659 2184 effigiem
3709 2074 3925 2157 collo
3976 2069 4297 2162 deferre
4367 2077 4460 2162 in

1097 2199 1427 2310 signum
1474 2198 2021 2302 matrimonii,
2075 2191 2442 2285 districte
2492 2194 3029 2311 prohibemus
3059 2256 3084 2300 ,
3117 2225 3224 2279 ne
3273 2195 3359 2277 in
3411 2217 3832 2308 posterum
3891 2190 4253 2280 audeant
4299 2195 4476 2312 Ta‘)

1096 2318 1189 2432 ly
1238 2349 1431 2404 cum
1480 2317 1636 2405 hac
1684 2314 1959 2428 effigie
2007 2314 2221 2403 collo
2271 2314 2794 2432 appendere,
2857 2338 2941 2403 et
2991 2346 3099 2402 ne
3158 2343 3449 2398 uxores
3499 2316 3898 2427 innuptae
3958 2311 4398 2401 videantur
4428 2378 4454 2423 ,

1048 2439 1492 2554 'poterunt
1536 2439 1660 2523 uti
1711 2437 1872 2523 alio
1922 2436 2159 2546 Taly,
2209 2438 2346 2524 vel
2396 2438 2968 2522 Sanctissimae
3026 2433 3325 2519 Crucis
3361 2496 3385 2539 ,
3437 2434 3570 2520 vel
3624 2435 4124 2520 sanctissimi
4173 2434 4465 2522 Domi-

1096 2558 1188 2641 ni
1237 2557 1517 2644 Nostri
1565 2556 1764 2643 Jesu
1815 2554 2185 2665 Christi,
2266 2558 2404 2645 vel
2452 2557 2749 2644 Beatae
2795 2555 3213 2667 Virginis,
3295 2553 3432 2642 vel
3508 2553 3664 2639 alia
3715 2556 4007 2672 quavis
4085 2556 4461 2667 religiosa

1097 2679 1459 2787 imagine
1494 2698 1824 2764 ornato.

1215 2795 1901 2883 Eminentissimi
1962 2792 2425 2883 dixerunt:
2502 2793 3021 2885 Servandum
3073 2824 3243 2880 esse
3294 2791 3717 2880 decretum
3799 2790 4464 2883 Eminentissimi

1096 2911 1206 3003 de
1253 2916 1653 3002 Tournon
1688 2980 1712 3022 ,
1778 2918 2157 3033 quamvis
2204 2917 2701 3002 Missionarii
2754 2937 3114 3006 asserant
3145 2975 3176 3017 ,
3229 2923 3661 3034 nunquam
3709 2915 4169 3030 permisisse
4203 2940 4460 3029 gesta·

1092 3036 1405 3121 tionem
1458 3032 1660 3120 dicti
1715 3036 1952 3146 Taly.

1214 3154 1681 3267 Septimum
1732 3152 2147 3239 dubium:
2204 3153 2356 3237 An
2378 3216 2411 3256 ,
2458 3172 2542 3238 et
2589 3153 3002 3275 quomodo
3039 3149 3569 3266 praedictum
3621 3150 4047 3237 decretum
4092 3156 4205 3237 sit
4262 3183 4462 3239 exe·

1094 3269 1522 3390 quendum
1570 3278 1662 3359 in
1705 3306 1807 3358 ca
1845 3291 2096 3387 parte
2122 3335 2147 3379 ‚
2202 3301 2426 3390 quae
2482 3292 2605 3359 est
2653 3281 2961 3360 tenoris
3008 3278 3428 3390 sequentis
3464 3306 3483 3354 ε
3537 3273 3657 3357 Et
3704 3305 3898 3359 cum
3945 3275 4462 3385 superstitio·

1086 3423 1207 3479 ‘ne
1258 3424 1429 3481 non
1480 3417 1752 3483 careat
1794 3391 2219 3480 funiculus
2270 3415 2665 3501 centum,
2729 3418 2813 3481 et
2859 3418 3050 3481 octo
3124 3389 3287 3478 filis
3372 3395 3870 3507 compositus
3905 3456 3929 3499 ,
3998 3414 4084 3479 et
4160 3424 4453 3480 croceo

1094 3510 1294 3601 fuco
1345 3512 1734 3602 delinitus
1770 3575 1794 3622 ,
1852 3544 2022 3633 quo
2066 3513 2447 3630 plerique
2495 3512 2721 3600 dicto
2770 3513 2981 3627 Taly
3030 3497 3516 3627 appendunt
3544 3575 3569 3619 ‚
3623 3512 4160 3627 prohibemus
4209 3515 4458 3601 etiam

1100 3630 1514 3721 dictorum
1564 3633 1898 3723 filorum
1947 3661 2390 3719 numerum
2419 3691 2446 3738 ,
2508 3656 2592 3719 et
2623 3637 3130 3719 unctionem.
3485 3701 3490 3710 .

1217 3752 1900 3842 Eminentissimz·
1940 3751 2402 3838 dixerunt:
2475 3750 2993 3839 Servandum
3071 3782 3247 3839 esse
3308 3747 3736 3839 decretum
3789 3749 4460 3840 Eminentissimi

1102 3869 1210 3960 de
1261 3873 1688 3963 Tournon.

1219 3993 1641 4082 Octavum
1693 3993 2047 4081 dubium
2084 4026 2104 4076 ε
2171 3989 2320 4077 An
2346 4056 2376 4097 ,
2424 4009 2507 4077 et
2574 3991 2984 4113 quomodo
3019 3990 3343 4077 dictum
3388 3990 3814 4078 decretum
3859 3995 3974 4077 sit
4031 4022 4456 4112 exeqzoen·

1094 4110 1301 4199 dum
1350 4121 1444 4198 in
1489 4147 1592 4200 ea
1631 4135 1878 4230 parte
1914 4179 1941 4219 ‚
2017 4142 2237 4234 quae
2285 4131 2408 4196 est
2485 4118 2796 4198 tenoris
2841 4119 3260 4232 sequentis
3300 4147 3319 4196 z
3389 4112 3933 4199 Ceremoniae
3990 4114 4240 4198 etiam
4302 4144 4458 4201 nu·

1094 4234 1384 4347 ptiales
1431 4239 1660 4352 juxta
1722 4235 2019 4320 hatum
2080 4233 2513 4344 regionum
2583 4263 2894 4317 morem
2949 4256 3068 4318 tot
3135 4255 3374 4336 sunt,
3433 4255 3826 4348 tantaque
3875 4236 4454 4345 superstitione

960 4353 979 4368 “
1096 4355 1556 4441 maculatae
1591 4419 1620 4459 ,
1686 4378 1781 4442 ut
1831 4357 2087 4439 tutius
2138 4349 2601 4438 remedium
2653 4355 2912 4467 aptari
2986 4383 3155 4438 non
3205 4355 3517 4465 possitz,
3584 4355 3840 4469 quam
3920 4382 4054 4437 eas
4102 4357 4448 4439 omnino

1094 4472 1730 4588 interdicendo,
1807 4505 1996 4560 cum
2061 4469 2441 4589 undique
2525 4474 2763 4558 noxia
2841 4473 3320 4583 gentilitatis
3386 4471 3572 4558 labe
3621 4473 4037 4576 scateant,
4090 4494 4175 4559 et
4233 4471 4456 4560 diffi-

1097 4592 1501 4678 cillimum
1554 4599 1838 4680 sit·eas
1889 4627 1932 4679 a
2011 4593 2587 4706 superstitiosis
2659 4621 3129 4707 expurgare.
3189 4590 3332 4678 .At
3382 4622 3631 4697 vero,
3697 4614 3793 4676 ut
3840 4586 4183 4676 faciliori
4255 4624 4451 4680 con-

1094 4714 1566 4798 versionum
1619 4717 1800 4799 viae
1833 4776 1864 4818 ,
1914 4734 1996 4798 et
2042 4709 2645 4823 Neophitorum
2700 4709 3142 4797 commodo
3184 4773 3211 4818 ,
3277 4734 3684 4828 quantum
3736 4708 3914 4795 fieri
3966 4734 4234 4825 potest
4268 4776 4295 4818 ,
4359 4716 4449 4799 in

1090 4828 1458 4918 Domino
1506 4831 2083 4946 indulgeamus
2117 4896 2148 4936 ,
2200 4829 2734 4918 Missionariis
2781 4893 2808 4936 ,
2888 4855 2971 4917 et
3031 4834 3474 4945 praecipue
3519 4831 4013 4918 Missionum
4065 4831 4448 4945 Superio-

1060 4953 1325 5050 *ribus
1387 4957 1951 5071 inju'ngimuS,
2021 4975 2116 5037 ut
2184 4948 2861 5036 novis-adhibitis
2913 4948 3401 5063 diligentiis,
3454 4953 4009 5068 severiorique
4071 4951 4447 5061 calcu10,
4541 4945 4552 4952 ’

1091 5077 1641 5188 superstitiosa
1692 5077 1997 5160 omnia.
2040 5107 2085 5158 a
2134 5070 2375 5157 dictis
2427 5070 2940 5156 Ceremoniis
2992 5093 3448 5184 expurgent
3479 5135 3505 5179 ,
3567 5074 3782 5160 itaut
3827 5070 4037 5156 nihil
4085 5072 4449 5161 inultum

1092 5196 1666 5314 relinquatur,
1730 5192 1959 5312 quod
2013 5192 2538 5279 christianam
2591 5194 2981 5302 pietatem
3032 5189 3465 5297 offendat,
3526 5216 3609 5279 et
3672 5192 4103 5301 gentilium
4166 5224 4449 5310 super·

1090 5321 1506 5404 stitionem
1560 5314 1983 5420 redoleat,
2039 5336 2122 5401 et
2168 5313 2584 5422 signanter
2633 5334 2953 5423 praeter
3001 5343 3135 5399 eas
3167 5377 3193 5421 ,
3281 5344 3486 5431 quas
3536 5309 4003 5397 audivimus
4054 5316 4222 5426 jam
4285 5338 4442 5401 sta-

1092 5460 1306 5523 tutas
1354 5440 1436 5523 in
1503 5436 1660 5524 bac
1709 5436 2042 5523 materia
2108 5433 2213 5519 ab
2276 5427 2572 5516 iisdem
2633 5431 3165 5542 Missionariis
3215 5432 3836 5521 reformationes
3873 5491 3918 5538 ,.
3978 5463 4253 5519 ramus
4319 5466 4442 5521 ar-

1087 5549 1313 5643 boris
1377 5560 1937 5648 Aresciomara
1989 5558 2328 5644 omnino
2391 5548 2810 5641 auferatur
2844 5615 2868 5662 ,
2905 5551 3408 5641 ferculorum
3466 5581 3857 5639 numerus
3911 5585 4080 5640 non
4136 5556 4442 5665 minus,
