4834 6409
1008 441 1188 560 ³90
1303 554 1312 561 η
2262 506 2265 510 ι

2400 565 2472 651 C
2535 566 2613 653 A
2674 568 2765 652 P.
2878 567 3038 653 XI.

2131 805 2275 890 De
2336 804 3265 895 Excommunicatione.

1135 1043 1204 1127 Ι.
1286 1044 1526 1130 Solus
1593 1045 1870 1130 Abbas
1946 1044 2375 1135 Generalis
2440 1071 2709 1161 potest
2780 1080 3129 1163 poenam
3216 1048 4119 1136 Excommunicationis
4186 1044 4406 1131 infli-

1014 1194 1203 1276 gere
1253 1164 1704 1251 Monachis.
1747 1165 1860 1279 'Id
1925 1190 2434 1253 tamen-raro
2483 1167 2929 1255 admodum
2986 1168 3153 1277 fiat,
3212 1195 3291 1255 et
3343 1204 3442 1255 ex
3493 1173 4058 1283 urgentissima
4115 1195 4399 1252 neces·

1013 1289 1273 1371 sitate.
1339 1287 1457 1370 Et
1527 1289 1795 1400 primo
1857 1285 2200 1404 quidem
2267 1319 2363 1374 ex
2428 1292 2830 1396 consili0,
2909 1314 2994 1376 et
3069 1290 3664 1376 deliberatione
3726 1287 4410 1403 Congregationis

1017 1403 1726 1516 Hegumenorum.
1798 1408 1904 1491 ΙΙ.
1972 1407 2114 1492 Ob
2180 1440 2432 1493 unam
2502 1440 2599 1494 ex
2650 1411 2914 1525 culpis
2981 1415 3520 1523 gravissimis,
3600 1442 3812 1528 quae
3861 1440 4108 1524 supra
4187 1404 4393 1518 Cap.

1014 1525 1165 1608 Vl.
1218 1550 1301 1611 et
1354 1525 1538 1610 Vll.
1599 1551 2153 1614 recensentur.
2208 1529 2362 1611 111.
2416 1529 2614 1615 Post
2668 1530 2975 1617 factum
3028 1535 3423 1617 canonice
3471 1561 3944 1644 processum
3977 1593 4003 1636 ,
4055 1551 4139 1616 et
4172 1555 4401 1640 prae·

1016 1647 1255 1729 missa
1309 1649 1523 1731 trina
1574 1653 2031 1736 monitione
2081 1652 2473 1735 canonica
2539 1682 2728 1735 cum
2783 1656 3023 1739 certis
3092 1651 3540 1737 intervallis
3576 1715 3605 1754 ‚
3672 1673 3764 1735 ut
3827 1673 4024 1766 puta
4078 1648 4325 1734 unius
4379 1708 4405 1749 ‚

1018 1764 1155 1850 vel
1207 1766 1570 1879 plurium
1659 1766 1981 1854 dierum
2031 1832 2055 1875 ,
2144 1793 2285 1854 aut
2335 1761 2576 1856 etiam
2632 1771 3018 1858 horarum
3058 1834 3082 1877 ,
3146 1775 3211 1855 si
3273 1772 3734 1887 periculum
3806 1775 3912 1856 sit
3971 1773 4056 1854 in
4140 1797 4406 1852 mora.

1019 1884 1164 1970 IV.
1241 1883 1678 1998 Affigeuda
1737 1891 1891 1973 erit
1936 1892 2339 1975 sententia
2394 1892 3299 1978 Excommuuicationis
3351 1892 3605 1977 cellae
3654 1894 3862 2006 ejus,
3892 1891 4040 2010 qui
4091 1916 4413 1975 excom·

1018 2010 1551 2113 municatur,
1607 2032 1749 2093 aut
1799 2006 2142 2120 legenda
2194 2014 2276 2093 in
2346 2010 3008 2121 congregatione
3069 2010 3670 2097 Monachorum
3711 2078 3740 2118 ‚
3806 2014 3980 2097 sive
4038 2010 4409 2094 Excom-

1022 2122 1493 2212 m'unicatus
1540 2158 1951 2241 praesens,
1998 2132 2168 2216 sive
2215 2130 2513 2216 absens
2562 2127 2836 2217 fuerit.
2887 2133 2990 2216 V.
3045 2128 3587 2242 Vulgandum
3638 2136 3796 2218 erit
3845 2134 4033 2247 ejus
4088 2156 4404 2214 nomen

1026 2248 1414 2333 omnibus
1466 2248 1685 2332 illius
1735 2249 2212 2335 Monasterii
2245 2314 2270 2353 ,
2319 2273 2401 2336 et
2451 2249 2936 2338 Provinciae
2985 2249 3475 2357 Monachis,
3529 2273 3624 2336 ut
3675 2253 3782 2357 ab
3833 2250 4223 2336 omnibus
4274 2243 4416 2329 de-

1022 2369 1356 2453 vitetur.
1426 2368 1847 2454 Sententia
1911 2400 2110 2455 vero
2187 2371 3093 2457 Excommunicationis
3172 2375 3688 2486 concipietur
3749 2375 3834 2456 in
3916 2371 4147 2455 hunc
4226 2396 4410 2452 mo·

1030 2483 1258 2571 dum.
1319 2487 1510 2605 Ego
1557 2490 1677 2577 N.
1739 2489 2028 2574 Abbas
2085 2489 2524 2575 Generalis
2573 2490 2863 2575 hahita
2913 2494 3599 2609 Hegumenorum
3643 2489 3858 2581 NN.
3925 2488 4137 2578 NN.
4198 2489 4417 2571 Con·

1023 2612 1542 2726 gregatione,
1589 2638 1744 2724 per
1795 2607 2013 2693 lianc
2058 2613 2589 2713 sententiam,
2638 2642 2898 2728 quam
2951 2615 3040 2694 in
3100 2616 3435 2724 scriptis
3476 2615 3945 2726 pronuncio
3981 2674 4010 2714 ,
4046 2610 4416 2692 auctori·

1026 2744 1199 2810 tate
1246 2729 1422 2812 Dei
1478 2732 2097 2843 Omnipotentis
2154 2733 2475 2832 Patris,
2532 2748 2612 2812 et
2669 2732 2898 2815 Filii
2922 2795 2950 2834 ‚
3000 2750 3079 2813 et
3132 2733 3502 2845 Spiritus
3563 2731 3887 2838 Sancti,
3939 2747 4020 2813 et
4067 2731 4421 2845 exigen-

1028 2863 1109 2930 te
1158 2853 1695 2932 contumacia
1743 2851 2083 2934 Fratris
2143 2851 2356 2938 NN.
2407 2852 2527 2961 ‚ob
2574 2849 2746 2933 tale
2788 2849 3266 2971 delictum(
3303 2848 3530 2968 quod
3583 2849 3836 2960 debet
3887 2851 4234 2935 omnino
4287 2877 4421 2931 ex·-

1023 2968 1343 3089 primi)
1394 2975 1672 3081 ipsum
1751 2971 2393 3071 excommunico
2428 3031 2457 3074 ‚
2532 2987 2613 3052 et
2679 3001 2838 3084 pro
2898 2976 3631 3055 excommunicato
3687 2971 3982 3056 haberi
4026 2965 4415 3052 declaro:

1028 3105 1109 3168 et
1157 3087 1460 3171 tandiu
1510 3094 1789 3200 ipsum
1855 3087 2294 3173 vitandum
2344 3087 2789 3195 denuncio,
2856 3089 3114 3174 donec
3162 3089 3747 3204 adimpleverit
3856 3086 4026 3173 uod
4071 3083 4422 3172 manda-

1027 3225 1190 3289 tur.
1262 3210 1347 3292 Si
1401 3208 1687 3293 Abbas
1736 3208 2213 3294 Monasterii
2245 3270 2269 3315 ‚
2322 3211 2459 3294 vel
2517 3209 2917 3296 Visitator
2961 3242 3053 3297 ex
3107 3214 3681 3296 commissione
3728 3212 3808 3294 A
3871 3210 4088 3295 batis
4140 3205 4421 3291 Gene-

945 3324 950 3357 ¹
1033 3326 1226 3410 ralis
1300 3330 1790 3412 sententiam
1871 3331 2740 3414 excommunicationis
2822 3334 3383 3445 pronunciet,
3446 3329 3733 3415 dicat:
3800 3329 3984 3446 Ego
4055 3328 4176 3418 N.
4225 3326 4408 3411 Ab.

1035 3448 1183 3529 bas
1232 3448 1754 3533 Monasterii
1797 3449 1919 3537 N.
1975 3446 2109 3532 vel
2171 3447 2271 3535 V
2261 3452 2596 3531 isitator
2640 3452 3164 3536 Monasterii
3190 3515 3213 3559 ,
3280 3469 3429 3536 aut
3484 3451 3985 3537 Provinciae
4044 3444 4162 3534 N.
4232 3475 4415 3558 spe·

1035 3564 1370 3649 cialiter
1422 3569 1529 3650 ab
1597 3568 1932 3653 Abbate
1996 3566 2403 3652 Generali
2429 3629 2454 3673 ‚
2516 3586 2597 3652 et
2644 3572 3164 3689 Hegumenis
3214 3569 3659 3687 deputatus
3696 3634 3721 3677 ,
3764 3601 3921 3684 per
3969 3567 4191 3650 hanc
4235 3597 4420 3650 sen-

1034 3690 1390 3769 tentiam
1416 3750 1445 3790 ,
1509 3716 1773 3805 quam
1814 3692 1907 3769 in
1953 3692 2288 3802 scriptis
2341 3695 2811 3801 pronuncio
2874 3708 3027 3774 etc.
3098 3689 3321 3778 Cum
3373 3693 3528 3777 erit
3578 3685 4130 3775 absolvendus
4166 3750 4192 3793 ,
4246 3709 4426 3772 uta·

1031 3828 1170 3889 tur
1232 3805 1516 3892 Abbas
1566 3803 1915 3919 formula
1970 3869 1995 3912 ,
2050 3837 2262 3924 quae
2312 3839 2554 3921 supra
2609 3806 3011 3925 descripta
3064 3834 3186 3897 est
3236 3811 3439 3926 Cap.
3493 3808 3605 3893 X.
3686 3808 3837 3894 VI.
3894 3807 4188 3892 Omnis
4256 3806 4428 3890 Ex-

1032 3929 1690 4014 communicatus
1739 3958 2243 4047 quacunque
2296 3927 3179 4018 Excommunicatione
3215 3996 3240 4038 ,
3292 3936 3467 4017 sive
3517 3963 3561 4015 a
3614 3929 3965 4016 Canone
3996 3992 4021 4035 ,
4073 3929 4245 4012 sive
4314 3928 4422 4011 ab

1029 4043 1367 4133 homine
1405 4110 1429 4153 ,
1478 4071 1647 4133 tam
1711 4080 1757 4132 a
1809 4048 2182 4134 Praelato
2232 4048 2811 4135 Ecclesiastico
2850 4113 2874 4157 ‚
2928 4081 3176 4168 quam
3245 4053 3351 4137 ab
3404 4050 3736 4136 Abbate
3802 4047 4194 4135 Generali
4251 4076 4419 4131 non

1031 4161 1543 4274 ingrediatur
1590 4167 2049 4254 Ecclesiam
2089 4232 2113 4274 ‚
2192 4168 2327 4255 vel
2390 4166 2765 4255 Chorum
2803 4234 2826 4275 ,
2895 4201 3169 4289 neque
3220 4171 3322 4257 ad
3376 4201 3907 4256 communem
3960 4199 4152 4253 cum
4225 4166 4421 4251 Fra-

1029 4284 1298 4369 tribus
1361 4319 1733 4374 mensam
1809 4286 2316 4373 admittatur.
2383 4287 2678 4408 Neque
2742 4288 3050 4376 Officio
3102 4293 3342 4396 ullo,
3409 4315 3552 4376 aut
3634 4290 4058 4400 Dignitate
4137 4285 4427 4397 funga-

1030 4427 1169 4488 tur
1220 4408 1301 4489 in
1365 4408 1907 4513 MonasteriO,
1960 4438 2236 4526 neque
2288 4438 2575 4494 vocem
2627 4415 3032 4518 activam,
3087 4434 3229 4497 aut
3279 4414 3679 4528 passivam
3735 4408 4037 4495 habeat
4087 4409 4171 4491 in
4227 4407 4426 4492 Ele·

1034 4524 1472 4637 ctionibus.
1541 4526 1947 4636 Quinimo
2013 4525 2389 4647 quaudiu
2441 4531 2556 4614 sic
2622 4535 2993 4638 steterit,
3060 4531 3166 4617 ab
3230 4531 3622 4617 omnibus
3685 4534 4096 4632 evitetur,
4154 4522 4423 4612 donec

1039 4644 1452 4755 resipiscat
1499 4709 1525 4750 ‚
1592 4670 1675 4732 et
1744 4681 1788 4733 a
1869 4649 2248 4769 legitimo·
2337 4649 2777 4763 Superiore
2867 4650 3342 4741 absolvatur
3394 4714 3418 4757 ,
3499 4671 3939 4767 postquam
4023 4644 4110 4731 id
4186 4644 4423 4764 quod

1034 4790 1568 4881 praeceptum
1619 4790 1745 4854 est
1777 4832 1809 4872 ,
1873 4766 2475 4883 adimpleverit·

2374 4942 2482 5144 C,s
2514 5012 2590 5095 A
2657 5011 2746 5094 P.
2864 5010 3066 5095 XII.

1517 5250 1657 5335 De
1695 5193 2170 5365 privatione
2223 5249 2323 5340 V
2310 5253 2504 5334 ocis·
2507 5313 2539 5352 ,
2606 5251 2860 5359 Loci,
2919 5248 3267 5336 Cuculli
3294 5315 3333 5354 ,-
3371 5269 3451 5334 et
3508 5252 3914 5337 Coronae.
3962 5226 3971 5232 .

1159 5486 1222 5571 I.
1291 5486 1466 5598 Qui
1516 5491 1886 5604 privatur
1934 5518 2143 5579 voce
2189 5491 2504 5605 passiva
2558 5553 2583 5596 ,
2634 5518 2783 5605 per
2844 5489 3006 5577 hoc
3060 5485 3439 5576 redditur
3515 5488 3905 5576 inhabilis
3954 5488 4059 5575 ad
4108 5490 4429 5600 majora

1037 5603 1308 5696 officia
1357 5611 1447 5696 iu
1499 5633 1776 5699 nostro
1824 5607 2207 5723 Ordine3
2270 5609 2597 5697 Minora
2650 5633 2926 5698 tamen
2974 5632 3241 5726 potest
3289 5640 3708 5718 exercere,
3762 5631 3857 5695 ut
3909 5634 4105 5697 sunt
4186 5601 4431 5693 Infir-
