4834 6409
3675 362 3784 472 45

421 522 628 588 tune
676 523 1207 585 occurramus
1238 559 1263 603 ,
1321 494 1825 613 praesertim,
1856 523 1960 583 ne
2008 485 2382 578 Pastores
2443 481 2808 577 errantes
2840 545 2865 594 ‚
2907 479 3000 573 'et
3048 485 3134 569 in
3185 479 3550 571 errorem
3599 486 3791 571 mit·

421 644 737 725 tentes,
818 615 1295 734 disperdere
1328 680 1353 726 ,
1407 640 1491 706 et
1551 614 2005 703 dilacerare
2053 639 2381 725 gregem
2430 609 2830 712 Domini,
2901 606 3238 692 nemine
3300 602 3783 726 cohibente,

423 760 1088 858 prosequantur:
1160 738 1395 827 Neve
1445 765 1643 827 oves
1692 735 2065 838 Christi,
2129 729 2397 817 Nobis
2447 725 2915 815 tacentibus
2954 786 2980 831 ,
3025 727 3204 838 rapi
3253 727 3341 808 in
3391 726 3790 838 praecipi·

423 867 537 946 tia
588 891 675 947 se
721 861 997 945 sinant
1030 920 1055 964 ,
1107 859 1513 944 universis
1560 854 1873 943 Christi
1921 851 2316 941 fidelibus
2352 909 2379 955 ,
2450 845 2654 966 quid
2718 847 3050 932 interim
3109 843 3590 956 geavissima
3633 843 3792 932 hac

424 984 513 1066 in
583 1006 673 1066 re
719 978 893 1064 Nos
956 1008 1193 1088 agere
1241 975 1775 1081 duxerimus,
1838 975 2111 1091 palam
2174 969 2554 1073 edicere,
2617 998 2718 1054 ac
2766 965 3190 1052 declarare
3248 968 3716 1051 statuimus.
3825 1041 3836 1050 .

448 1153 455 1162 -
545 1103 614 1201 S.
666 1102 771 1207 4.-
811 1097 1217 1185 Noverint
1267 1128 1463 1208 ergo
1509 1127 1846 1204 omneS,
1920 1096 2064 1213 qui
2133 1091 2646 1206 ubicumque
2694 1108 3095 1175 terrarum
3149 1082 3600 1172 Catholico
3642 1114 3788 1171 no-
3810 1083 3905 1154 Ut
3944 1082 4190 1171 sciant,
4324 1180 4328 1185 ,

427 1221 655 1306 mine
739 1218 1247 1330 gloriantur,
1295 1216 1468 1303 Nos
1504 1280 1528 1324 ,
1598 1220 1742 1335 qui
1826 1214 2261 1325 Unigeniti
2332 1185 2522 1293 Filii
2574 1207 2738 1293 Dei
2773 1269 2806 1313 ,
2863 1228 2953 1291 et
3018 1203 3457 1292 salvatoris
3504 1205 3786 1328 Nostri
3809 1190 4152 1337 ἓὲἓωὲῗζ

424 1337 625 1425 Jesu
674 1334 989 1423 Christi
1036 1341 1265 1425 vices
1307 1399 1332 1445 ,
1399 1331 1651 1423 nullo·
1682 1339 1880 1424 licet
1934 1335 2425 1420 meritorum
2475 1350 2943 1413 nostrorum
2991 1321 3440 1436 suffragio,
3493 1326 3582 1411 in
3629 1348 3788 1414 ter·
3808 1360 4086 1451 amplius

425 1458 537 1542 ris
608 1459 1029 1569 gerimus,
1099 1487 1238 1544 eos
1302 1487 1641 1562 omnes,
1721 1458 2327 1568 cujuscumque
2407 1470 2725 1551 status,
2792 1442 3155 1557 gudae,
3235 1440 3618 1550 ordinis,
3701 1467 3959 1558 etesoe·
4002 1452 4128 1519 Ec·

425 1575 931 1670 conditionis
1007 1577 1127 1661 illi
1203 1578 1369 1661 sint
1413 1638 1437 1680 ,
1525 1578 1842 1664 etiamsi
1907 1566 2382 1696 Episcopali
2430 1626 2455 1674 ,
2541 1564 3240 1680 Archiepiscopali
3294 1575 3328 1671 ‚‘
3401 1585 3546 1650 aut
3621 1564 3787 1652 elia
3810 1541 4174 1703 Εἱζζωηὲ·

494 1696 854 1803 ualibet,
941 1698 1188 1781 etiam
1259 1693 1838 1783 Cardinalatus
1898 1692 2331 1804 Dignitate
2403 1683 3031 1802 praefulgeant,
3093 1687 3237 1805 qui
3288 1707 3791 1772 memoratae
3816 1680 4096 1792 comnm-

426 1725 1025 1902 gonstitutioni
1058 1807 1901 1919 ‘Nostrae-debitam,
1973 1836 2057 1899 et
2119 1804 2685 1895 omnimodam
2760 1802 3319 1893 obedientiam
3381 1827 3791 1922 praestare
3813 1816 4073 1883 aionem

429 1934 833 2022 hactenus
883 1955 1366 2022 recusarunt
1391 1923 1427 2041 ἶ,
1488 1959 1633 2021 seu
1685 1938 1768 2021 in
1836 1955 2259 2048 posterum
2306 1958 2683 2016 recusare
2732 1931 2908 2014 ausi
2956 1923 3292 2012 fuerint*
3314 1987 3338 2033 ,
3407 1947 3512 2012 ut·
3551 1955 3790 2015 veros
3811 1906 4052 2065 haber-ff

430 2055 785 2142 Sanctae
834 2053 1253 2140 Romanae
1316 2052 1737 2142 Ecclesiae
1784 2052 2003 2140 filios
2049 2081 2221 2137 non
2268 2077 2760 2161 agnosceret
2830 2076 3110 2167 neque
3178 2070 3273 2131 ut
3317 2046 3644 2155 Nobis,
3706 2066 3791 2134 et
3813 2018 4184 2161 {ffiesssm‘

432 2173 662 2261 Beati
721 2175 943 2260 Petri
1009 2170 1472 2261 Cathedrae
1507 2237 1533 2282 ‚
1612 2171 1840 2290 quod
1906 2169 2109 2258 falso
2168 2192 2607 2256 autumant
2652 2231 2689 2272 ,
2749 2164 3286 2254 adhaerentes
3332 2231 3363 2272 ,
3429 2189 3515 2255 et
3595 2177 3793 2290 con·

431 2297 883 2381 sentientes
913 2355 938 2399 ,
990 2291 1132 2378 sed
1180 2314 1460 2380 contra
1526 2296 1851 2410 potius,
1904 2295 2028 2377 uti
2092 2311 2371 2406 aperte
2415 2286 3031 2394 inobedientes,
3083 2320 3177 2377 ac
3227 2291 3550 2376 notorie
3596 2319 3794 2374 con·

434 2435 802 2500 tumaces
844 2475 868 2519 ,
925 2435 1007 2498 et
1058 2409 1561 2499 refractarios
1611 2413 1915 2500 habere
1950 2471 1975 2519 ‚
2028 2433 2362 2516 tenere,
2414 2441 2513 2497 ac
2564 2432 2965 2525 reputare.
3024 2407 3141 2493 Et
3187 2411 3582 2528 quoniam
3630 2410 3800 2522 pri-

434 2561 576 2616 mo
639 2534 786 2645 ipsi
839 2565 882 2617 a
934 2531 1193 2617 Nobis
1228 2593 1253 2638 ,
1290 2557 1403 2619 ·et
1454 2536 1754 2620 Sancta
1808 2534 2175 2617 Romana
2226 2530 2660 2636 Ecclesia,
2725 2534 2794 2617 si
2841 2531 3122 2617 minus
3169 2531 3560 2644 expressis
3607 2549 3792 2616 ver·-

434 2651 565 2736 bis
595 2714 623 2754 ‚
687 2648 922 2737 factis
988 2674 1210 2738 certe
1259 2655 1865 2770 pertinacisque
1895 2713 1920 2757 ,
1970 2673 2056 2736 et
2106 2646 2563 2737 obduratae
2611 2654 2910 2737 mentis
2978 2650 3423 2764 multiplici
3487 2646 3796 2764 signifiy

433 2775 757 2856 catione
838 2794 1408 2877 recesserunt,
1488 2772 1670 2857 illos
1755 2771 2129 2858 simil-iter
2178 2801 2224 2855 a
2299 2769 2627 2873 Nobis,
2693 2797 3090 2888 tanquam
3157 2800 3204 2852 a
3269 2767 3560 2853 Nostra
3599 2830 3623 2877 ,
3711 2790 3796 2855 et

432 2887 807 3001 ejusdem
859 2893 1203 2977 Sanctae
1256 2891 1672 2978 Romanae
1741 2889 2165 2979 Ecclesiae
2240 2888 2636 2975 charitate
2708 2920 3035 3005 prorsus
3103 2909 3561 3008 segregatos
3641 2885 3795 3000 hay

433 3008 673 3093 beri:
762 3010 1245 3127 nullamque
1296 3008 1643 3123 proinde
1694 3010 2016 3115 Nobis,
2105 3031 2189 3095 et
2249 3010 2400 3123 ipsi
2474 3010 2825 3096 Sanctae
2892 3008 3309 3094 Romanae
3373 3008 3805 3095 Ecclesiae

439 3125 829 3239 deinceps
908 3158 1097 3211 cum
1186 3129 1347 3211 illis
1409 3133 2082 3216 communionem
2171 3126 2839 3215 Ecclesiasticam
2920 3131 3359 3216 extituram
3413 3188 3444 3232 5
3518 3125 3796 3216 donee·

436 3241 729 3361 (quod
780 3242 975 3330 faxit
1026 3245 1325 3364 Deus)
1392 3250 1704 3360 integre
1753 3252 2285 3363 resipiscant,
2338 3250 2810 3369 rejectaque
2867 3251 3204 3364 penitus
3264 3245 3608 3338 audacia
3675 3278 3802 3335 re·-

437 3362 811 3474 fragandi
849 3427 873 3472 ‚
926 3396 1070 3478 per
1120 3366 1709 3456 exhibitionem
1760 3401 2001 3458 verae
2061 3367 2639 3474 obedientiae,
2692 3399 2947 3487 quam
2996 3365 3461 3480 complures
3508 3397 3802 3454 eorum

437 3481 814 3569 Romano
877 3483 1261 3573 Pontifici
1330 3488 1558 3575 Beati
1612 3491 1835 3576 Petri
1916 3489 2449 3593 Successori,
2513 3519 2605 3576 ac
2665 3487 2866 3576 Jesu
2943 3486 3252 3573 Christi
3317 3485 3649 3572 Vicario
3699 3491 3796 3571 in

443 3604 788 3715 ipsamet
837 3604 1179 3690 solemni
1237 3606 1741 3721 professione
1786 3606 2269 3696 Catholicae
2315 3604 2551 3693 Fidei
2590 3672 2622 3714 ,
2657 3610 3129 3721 interposita
3185 3606 3236 3690 J
3249 3605 3408 3691 uris
3457 3602 3795 3718 jurandi

438 3719 889 3832 religione,
957 3722 1060 3811 ad
1148 3731 1442 3814 Sancta
1493 3726 1653 3814 Dei
1703 3721 2157 3839 Evangelia
2230 3729 2550 3842 saepius
2627 3724 3328 3841 spoponderunt„
3395 3729 3792 3843 pristinae

434 3838 878 3949 charitati,
962 3868 1044 3930 et
1105 3848 1400 3931 unitati
1453 3848 1558 3932 ab
1616 3845 1908 3935 eadem
1964 3848 2433 3960 Apostolica
2482 3844 2705 3933 Sede
2749 3846 3070 3933 restitui
3123 3869 3613 3933 mereantur.

564 3962 632 4059 S.
687 3960 765 4045 5.
843 3960 977 4046 Ad
1047 3994 1190 4048 vos
1250 3989 1714 4078 postremo,
1792 3965 2331 4054 Venerabiles
2379 3965 2704 4052 Fratres
2740 4027 2763 4070 ,
2841 3963 3356 4051 Patriarchae
3406 4028 3429 4071 ,
3486 3965 3792 4051 Prima-
3848 3947 3938 4104 ¹?
3985 3947 4184 4017 pm„

432 4101 568 4200 'tes
599 4141 622 4184 ,
689 4079 1304 4196 Archiepiscopi
1335 4147 1363 4190 ,
1425 4086 1874 4201 Episcopi,
1926 4089 2345 4203 ceterique
2389 4116 2679 4176 ,omnes
2728 4084 3292 4178 Ecclesiarum
3340 4043 4187 4213 praesulcagsseffaessfff

417 4194 845 4306 ‚gaudium
913 4225 1281 4285 nostrum
1321 4262 1345 4306 ,
1413 4225 1494 4286 et
1545 4235 1845 4290 corona
1916 4228 2184 4289 nostra
2226 4268 2250 4310 ,
2332 4204 2852 4319 Apostolicae
2922 4201 3384 4292 dilectionis
3469 4225 4031 4311 nostraegreges
4068 4247 4175 4291 su*-

452 4345 915 4402 sermonem
966 4324 1575 4426 convertimus,
1618 4321 2048 4410 'hortantes
2096 4324 2271 4409 Vos
2302 4385 2327 4429 ,
2392 4347 2477 4410 et
2525 4324 3041 4410 obsecrantes
3089 4326 3172 4408 in
3223 4322 3643 4429 Domino,
3696 4348 3791 4410 ut
3815 4336 4174 4421 osavenes

444 4465 597 4547 pro
648 4466 744 4520 eo
781 4497 808 4541 ,
884 4466 1052 4556 quo
1099 4437 1423 4550 polletis
1459 4501 1486 4545 ,
1539 4440 1930 4527 Pastorali
1983 4442 2161 4528 zelo
2197 4505 2221 4548 ,
2288 4445 2754 4528 commissas
2798 4441 3059 4527 Vobis
3109 4440 3412 4527 Christi
3471 4445 3692 4528 Oves
3746 4418 3988 4561 ³2¹3ss
4008 4430 4176 4565 sige*

444 4558 868 4640 venenatis
930 4561 1301 4671 pascuis,
1369 4555 1583 4645 idest
1630 4558 2155 4674 profanarum
2209 4593 2565 4666 vocum,
2633 4583 2716 4648 et
2781 4557 3351 4648 doctrinarum
3411 4566 3787 4648 novitati·
3815 4600 3924 4651 ant
3960 4633 3979 4665 ,
4046 4591 4129 4655 ab

444 4672 602 4759 bus
654 4671 947 4760 sedulo
991 4680 1388 4784 arceatis,
1462 4680 1881 4799 simulque
1948 4703 2374 4793 paternam
2425 4678 3046 4766 solicitudinem
3110 4706 3475 4768 nostram
3534 4685 3622 4770 in·
3673 4715 3788 4769 re-
3817 4680 3988 4784 ⁰¹¹¹⁰J
4030 4701 4182 4746 con-

446 4792 836 4878 vocandis
896 4794 1003 4880 ad
1053 4800 1366 4884 saniora
1420 4800 1757 4885 consilia
1810 4801 2483 4920 quibuscumque
2529 4797 3133 4886 dissidentibus
3177 4799 3612 4890 efficacius
3651 4802 3789 4889 ad·
3817 4785 4189 4927 :igi-:33³¹

438 4914 751 5023 -juvetis
784 4976 807 5020 ,
864 4917 970 4999 ita
1041 4938 1132 4999 ut
1183 4918 1449 5000 Vobis
1492 4917 1986 5006 indivulsam
2042 4952 2237 5005 cum
2285 4921 2581 5006 Sancta
2635 4920 3006 5005 Romana
3051 4920 3432 5008 Ecclesia
3479 4925 3561 5008 in
3648 4920 3789 5006 do·-
3820 4953 3930 5019 riis
3983 4955 4179 5019 absti-

450 5031 709 5115 ctrina
762 5031 997 5118 Fidei
1062 5037 1461 5120 unitatem
1495 5101 1533 5141 5
1604 5037 1829 5156 quod
1890 5044 2057 5154 jam
2108 5039 2489 5156 plerique
2531 5040 2922 5125 Vestrum
2999 5043 3319 5152 egregie
3380 5044 3794 5155 praestite-
3823 5033 4195 5125 asenneus-

444 5170 650 5235 runt
682 5213 721 5254 ,
766 5150 1229 5240 firmissime
1273 5151 1903 5266 profitentibus,
1974 5157 2423 5244 Christiani
2482 5188 2770 5246 omnes
2830 5184 3274 5271 agnoscant
3335 5161 3505 5245 Vos
3554 5160 3793 5273 longe
3820 5135 4061 5290 {⁰39⁶
4101 5159 4184 5202 ⁰·

442 5268 550 5354 ab
602 5271 698 5356 iis
749 5301 919 5357 esse
955 5335 985 5378 ,
1036 5274 1181 5391 q-ni
1234 5274 1830 5383 elongaverunt
1876 5308 1972 5365 se
2013 5311 2061 5363 a
2107 5276 2436 5385 Nobis,
2481 5309 2587 5365 ae
2625 5278 2958 5365 illorum
3009 5277 3564 5367 damnabilem
3614 5283 3789 5367 ino·-
3819 5248 4198 5390 figffssgffi.

440 5384 949 5478 bedientiam
1001 5423 1167 5479 una
1217 5392 1685 5481 Nobiscum
1749 5398 2154 5504 aversari,
2221 5420 2306 5484 ct
2352 5398 2890 5515 improbare,
2954 5429 3256 5517 eosque
3289 5462 3314 5506 ,
3383 5400 3548 5486 nisi
3597 5406 3788 5488 resi·
3822 5423 3996 5477 cent„

432 5512 834 5626 puerint,
892 5543 941 5602 a
988 5516 1463 5607 communis
1542 5516 1950 5626 societatis
2000 5514 2392 5611 charitate
2440 5549 2767 5639 prorsus
2832 5520 3137 5609 alienos
3215 5516 3537 5609 haberi..
3609 5522 3800 5611 Uti-
