4834 6409
3580 473 3633 557 3
3720 522 3765 535 ..

395 605 482 687 in
547 599 732 688 hoe·
767 593 1244 684 mutationis
1287 584 1805 676 'officialium
1881 588 2210 701 negotio
2257 589 2556 677 vitium
2609 586 3203 675 inconstantiae
3252 588 3595 677 omnino
3642 477 3783 679 liv?-

399 720 751 813 tandum
807 740 950 802 est.
1019 711 1163 800 lv.
1228 710 1418 796 Non
1469 730 1740 825 potest
1787 707 2240 795 Monachus
2288 704 2396 827 de
2444 708 2988 813 Monasterio,
3025 708 3187 803 -cui
3236 730 3554 822 praeest
3585 772 3612 818 ‚
3672 712 3781 796 -in

396 837 624 926 aliud
698 832 1196 925 transferre:
1242 830 1388 918 sed
1459 832 1524 914 si
1598 860 1919 916 necesse
1971 826 2221 916 fuerit
2269 892 2324 935 ,.
2361 830 2739 927 consulat
2799 830 3027 942 prius
3078 824 3515 915 Abbatem'
3573 832 3773 917 Pro-'-

395 962 722 1046 vinciae
754 1020 778 1061 ‚
837 976 980 1041 aut
1046 952 1462 1037 Abbatem
1515 947 2032 1036 Generalem.
2070 949 2251 1037 :Pro
2298 953 2644 1062 negotiis
2692 979 2909 1037 vero
2939 948 3411 1036 Monasterii
3460 953 3590 1035 sui
3637 982 3781 1067 po*-

396 1100 553 1165 test
602 1074 1110 1161 Monachum
1163 1067 1545 1161 adalind
1606 1071 2197 1156 Monasterium
2252 1074 2580 1157 mittere
2647 1100 2838 1154 cum
2889 1070 3146 1156 literis
3212 1072 3777 1158 testimoniali·

397 1198 560 1283 bus
607 1195 1290 1306 Congregationis
1339 1190 1984 1295 Monachorum,
2050 1190 2134 1274 in
2189 1191 2495 1308 quibus
2549 1221 2874 1299 causam
2924 1187 3329 1299 significet
3363 1222 3405 1297 ,·
3441 1213 3525 1277 et
3570 1214 3775 1277 tem-

401 1349 564 1432 pus
615 1314 1098 1407 reversionis
1164 1307 1528 1398 definiat.
1597 1309 1803 1397 Item
1875 1340 2050 1394 non.
2111 1303 2378 1425 potest
2424 1308 2879 1396 Monachos
2944 1309 3417 1397 Mouasterii
3468 1315 3591 1397 sui
3644 1344 3776 1398 su-

395 1433 850 1549 spendere,
905 1432 1038 1519 vel
1087 1428 2052 1536 excommunicare,.vel
2100 1459 2378 1515 casum
2449 1430 2815 1548 aliquem
2875 1432 2957 1514 i'n
3015 1427 3554 1519 Confessione
3616 1433 3775 1518 sibi

399 1584 815 1663 reservare
850 1615 874 1659 ,
939 1551 1415 1636 inconsulto
1465 1550 1794 1634 Abbate
1871 1547 2286 1639 Generali.
2352 1550 2456 1633 V.
2525 1550 2800 1636 Semel
2846 1550 3133 1635 saltem
3183 1548 3269 1635 in
3321 1584 3547 1638 anno
3586 1554 3777 1638 visi-

400 1696 520 1760 tet
565 1675 1138 1788 possessiones,
1189 1692 1273 1756 et
1320 1669 1540 1754 bona
1609 1670 2147 1755 Monasterii:
2216 1692 2299 1756 et
2362 1668 2738 1787 quolibet
2788 1700 3069 1756 mense
3117 1669 3223 1754 ab
3285 1670 3774 1777 Oeconomo

398 1794 802 1879 rationem
854 1794 1224 1901 accepti,
1287 1813 1370 1874 et
1428 1794 1786 1904 expensi,
1840 1811 2266 1902 praesente
2311 1789 2643 1876 Vicat-io
2676 1852 2704 1893 ‚
2755 1790 3075 1901 exigat,
3139 1811 3237 1874 ut
3298 1794 3547 1878 totius
3595 1793 3781 1877 Mo·

401 1917 734 2001 nasoerii
813 1911 1538 1996 administrationis
1608 1912 1814 1994 ratio
1875 1909 2029 2019 ipsi
2107 1931 2485 2016 constet,
2552 1939 2798 2027 quam
2870 1907 3217 1995 reddere
3280 1907 3530 1998 debet
3577 1938 3784 1997 uno·
3887 1972 3893 1983 ι

406 2022 743 2150 quoque
791 2063 1009 2115 anno
1046 2094 1070 2135 ‚
1131 2033 1386 2114 semel
1436 2025 1776 2145 quidem
1831 2027 2144 2114 Abbati
2206 2027 2648 2135 Genea-ali,
2703 2028 2831 2113 bis
2881 2051 3158 2135 autem
3222 2030 3532 2117 Abbati
3583 2032 3781 2116 Pro·

400 2155 744 2239 vinciae.
813 2152 937 2236 Ut
1002 2180 1198 2235 vero
1254 2147 1459 2233 nihil
1531 2179 1628 2234 ex
1703 2149 1944 2233 bonis
2007 2147 2487 2234 Monasterii
2540 2145 2981 2263 depereat,
3060 2146 3313 2235 debet
3370 2149 3581 2237 in‘fra
3647 2183 3784 2237 sex

406 2302 726 2358 menses
776 2301 969 2355 suae
1030 2266 1617 2382 praefecturae.
1659 2266 2068 2355 conficere
2131 2269 2687 2354 inventarium
2763 2266 3332 2354 authenticum
3400 2274 3782 2357 omnium

362 2441 366 2447 ·
408 2421 684 2477 rerum
724 2454 748 2498 ,
816 2420 1027 2508 quae
1077 2386 1181 2474 ad
1232 2385 1441 2472 illud
1494 2386 2018 2473 Coenobium
2067 2388 2485 2503 pertinent
2517 2450 2542 2493 ‚
2598 2410 2766 2474 tam
2815 2386 3280 2495 mobilium,
3333 2418 3582 2506 quam
3634 2396 3788 2476 im-

405 2511 894 2597 mobilium:
964 2513 1312 2627 ejusque
1361 2508 1810 2593 Inventarii
1863 2505 2034 2591 duo
2109 2501 2699 2593 describantur.
2746 2509 3113 2623 exempla
3150 2569 3175 2614 ,
3253 2539 3609 2628 quorum
3674 2513 3788 2596 al-

406 2651 675 2719 terum
709 2700 716 2710 .
752 2650 1080 2716 maneat
1147 2631 1235 2713 in
1313 2625 1712 2714 Archivio
1789 2626 2261 2712 Monasterii
2329 2627 2488 2711 sub
2559 2623 2887 2714 duabus
2956 2626 3381 2735 clavibus,
3459 2632 3544 2714 in
3615 2663 3786 2750 quo

393 2753 652 2836 etiam
706 2771 1207 2863 reponantur
1269 2777 1555 2832 omnes
1617 2748 2069 2859 scripturae
2145 2742 2251 2829 ad
2302 2742 2525 2831 idem
2593 2745 3190 2834 Monasterium
3239 2772 3698 2863 spectantes
3744 2786 3774 2861 3

406 2869 759 2954 alterum
809 2869 1401 2953 transmittatur
1448 2863 1553 2952 ad
1599 2865 2018 2953 Abbatem
2071 2865 2582 2969 Provinciae,
2615 2866 2752 2954 vel
2800 2865 2908 2952 ad
2959 2866 3375 2953 Abbatem
3413 2866 3779 2956 Genera·

409 2986 608 3071 lem.
673 2988 968 3072 Dictae
1000 3008 1292 3071 autem
1343 2986 1612 3075 claves
1660 2985 1882 3089 sint,
1940 2986 2188 3070 altera
2238 3016 2489 3098 penes
2537 2988 2808 3099 ipsum
2893 2986 3306 3074 Abbatem
3337 3051 3362 3094 ‚
3416 3013 3558 3074 aut
3602 2994 3785 3104 ejus

412 3104 865 3209 Vicat-ium,
920 3129 1003 3190 et
1052 3106 1299 3190 altera
1351 3103 1568 3216 apud
1621 3104 2224 3215 Oeconomnm.
2291 3104 2470 3191 Sub
2516 3101 2811 3190 iisdem
2863 3106 3231 3193 clavibus
3281 3130 3786 3222 reponantur

369 3226 730 3311 ⁴reditus
774 3226 1246 3310 Monasterii
1283 3285 1308 3328 ,
1388 3226 1494 3309 ita
1562 3247 1655 3309 ut
1707 3222 1914 3308 nihil
1982 3221 2178 3309 inde
2258 3228 2511 3335 possit
2570 3222 2951 3333 extrahis
2997 3222 3203 3310 nibil
3272 3235 3545 3338 magni
3608 3259 3789 3315 mo-

409 3349 672 3430 menti
726 3342 1309 3459 expendi,‘sine
1361 3343 1736 3445 Abbatis,
1775 3374 1921 3428 seu
1969 3343 2305 3450 Vicarii‚
2342 3365 2431 3429 et
2481 3342 2939 3431 Oeconomi
2995 3346 3305 3431 notitia.
3334 3346 3495 3431 Vl.
3548 3348 3801 3461 Prae-⁴

413 3486 540 3549 ter
590 3462 1331 3575 Congregationem
1381 3461 1976 3548 Monachorum
2018 3525 2044 3567 ,
2109 3482 2321 3578 quae
2371 3464 2655 3549 saltem
2709 3464 3216 3586 unoqnoque
3282 3498 3562 3554 mense
3610 3465 3792 3554 fieri

417 3578 670 3670 debet
703 3647 728 3690 ,
780 3586 1111 3669 alternis
1163 3579 1702 3669 hebdomadis
1750 3612 1939 3667 cum
1990 3582 2157 3665 suis
2208 3581 2843 3669 Consultoribus
2896 3588 3333 3673 conveniat
3378 3586 3601 3705 (nisi
3640 3618 3791 3701 pro

413 3731 503 3786 re
561 3727 745 3790 nata
796 3701 1104 3822 aliquid
1158 3699 1790 3787 extraordinarie
1840 3699 2478 3787 consultandum
2527 3725 2738 3788 esset
2770 3702 2809 3820 )
2843 3702 3116 3822 deque
3148 3708 3790 3795 occurrentibus

412 3827 759 3934 negotiis
808 3854 1004 3909 curn
1053 3822 1210 3906 illis
1259 3844 1495 3932 agat:
1565 3844 1650 3907 et
1699 3850 2200 3936 quamquam
2265 3823 2361 3905 iis
2422 3820 2723 3908 auditis
2775 3887 2799 3929 ,
2850 3853 3101 3936 penes
3152 3824 3421 3938 ipsum
3492 3850 3613 3913 est
3683 3827 3791 3914 de
3914 3838 3924 3851 '

418 3944 762 4053 singulis
824 3938 1236 4028 statuendi
1278 3939 1615 4028 facultas
1650 4002 1674 4046 ‚
1727 3938 2259 4026 Consultores
2321 3961 2596 4027 tamen
2667 3942 3025 4055 benig-ne
3074 3942 3379 4051 audiat,
3434 3969 3518 4031 et
3562 3979 3798 4061 prae-

419 4064 662 4172 cipue
710 4091 902 4146 eum
940 4064 1160 4164 ‚seui
1223 4061 1664 4145 Monitoris
1729 4057 2142 4157 Officium
2223 4063 2746 4146 commissum
2799 4086 2943 4148 est.
3026 4062 3214 4147 Vll.
3282 4063 3726 4180 Praecepta
3765 4136 3791 4175 ‚

417 4177 684 4265 edicta
716 4242 740 4286 ,
794 4203 876 4265 et
925 4180 1195 4262 literas
1249 4177 1780 4290 Superiorum
1832 4176 2268 4288 diligenter
2316 4180 2588 4295 legat,
2641 4203 2725 4291 et
2772 4208 3269 4297 exequatur:
3329 4182 3795 4305 habeatque

419 4298 726 4384 librum
760 4361 784 4405 ‚
853 4301 935 4382 in
1003 4327 1174 4413 quo
1232 4296 1695 4382 scribantur
1749 4296 2284 4382 ‚visitationes
2355 4298 2825 4386 Monasterii
2889 4302 2994 4387 ab
3046 4303 3376 4389 Abbate
3425 4304 3792 4394 Genera-

424 4418 545 4521 li,
615 4441 758 4503 aut
831 4417 1316 4503 Provinciae
1376 4414 1694 4521 factae,
1762 4437 1848 4500 et
1907 4414 2460 4504 ordinationes
2511 4418 2838 4505 illorum
2901 4421 3246 4534 alicujus
3330 4431 3785 4510 momenti:

420 4538 636 4651 legat
694 4540 941 4624 etiam
990 4538 1177 4640 eas,
1244 4567 1444 4654 quas
1494 4531 2060 4649 praedecessor
2118 4568 2316 4620 suus
2372 4534 2907 4625 adnotaverit.
2980 4539 3454 4654 Distinguat
3505 4567 3782 4633 tamen

416 4680 849 4773 perpetuas
913 4655 1018 4741 ab
1087 4658 1235 4757 iis,
1301 4686 1512 4774 quae
1564 4652 1665 4740 ad
1732 4679 2053 4770 tempus
2103 4652 2342 4742 datae
2393 4654 2756 4743 fuerunt.
2827 4657 3308 4747 Institutum
3345 4722 3370 4762 ,
3424 4662 3656 4781 qnod
3707 4669 3791 4752 in

417 4781 816 4887 regimine
888 4776 1365 4862 Monasterii
1434 4790 1713 4871 tenere
1778 4771 2086 4877 debet,
2152 4800 2587 4887 cognoscat
2634 4797 2823 4863 tum
2888 4778 3242 4867 lectione
3296 4782 3796 4893 Regularum

421 4917 590 4979 tam
654 4899 1228 4985 communium
1275 4956 1299 5000 ,
1378 4926 1646 5012 quam.
1695 4896 1823 4979 sui
1876 4890 2157 4979 Officii
2191 4957 2213 4998 ‚
2268 4918 2352 4982 et
2400 4896 2747 4982 aliorum
2798 4961 2823 5003 ‚
2889 4902 3037 5018 qui
3116 4900 3273 4985 sub
3342 4908 3523 5017 ejus
3599 4935 3794 4992 cura

421 5036 666 5100 sunt:
740 5037 912 5099 tum
965 5045 1063 5101 ex
1121 5013 1696 5100 ‘observatione
1762 5012 2457 5101 consuetudinum
2527 5040 3035 5131 receptarum
3084 5064 3141 5126 ,·
3178 5045 3261 5106 et
3315 5024 3799 5111 executione

421 5131 1039 5222 ordinationum
1094 5134 1684 5247 Superiorum3
1749 5164 1845 5220 ac
1899 5130 2250 5219 demum
2325 5138 2407 5221 in
2487 5136 2732 5221 rebus
2816 5135 3121 5235 dubiis·
3160 5170 3256 5224 ex
3308 5172 3643 5226 recursu
3694 5142 3804 5229 ad

423 5252 924 5366 Superiores.
978 5252 1215 5341 Vm.
1273 5252 1404 5338 Sit
1452 5253 1848 5339 sollicitus
1896 5293 1966 5366 ,ι’
1993 5283 2094 5339 ne
2169 5254 2546 5340 Vicarius
2583 5319 2608 5363 ,
2649 5256 3205 5345 -Oeconomus
3252 5312 3306 5364 ‚·
3344 5283 3429 5346 et
3492 5248 3833 5384 reliqui¹

419 5370 855 5461 officiales
902 5403 1053 5458 suo
1100 5371 1373 5460 desint
1431 5368 1787 5459 Officio:
1829 5375 2032 5459 item
2080 5400 2311 5464 curet
2344 5438 2373 5479 ,
2436 5399 2532 5461 ut
2579 5375 2813 5483 ordo,
2874 5409 3031 5492 pax
3078 5442 3108 5481 ,
3172 5381 3425 5487 unio,
3476 5406 3559 5470 et
3605 5413 3801 5470 con-

419 5491 787 5585 formitas
837 5515 1210 5581 servetur
1255 5526 1302 5583 a
1342 5491 1788 5579 'Monachis
1839 5495 1922 5579 in
1977 5491 2240 5600 Cella,
2281 5497 2364 5580 in
2422 5493 2728 5605 Chore,
2781 5500 2868 5582 in
2927 5496 3411 5606 Refectorio‚
3477 5526 3562 5590 et
3609 5503 3801 5588 ubi·

425 5644 790 5733 cumque
835 5615 1250 5703 locorum.
1287 5612 1572 5724 Quare
1620 5643 1768 5729 per
1815 5632 1920 5702 se?
1967 5616 2242 5729 ipsum
2282 5678 2307 5723 ,
2358 5617 2708 5732 velper
2773 5618 3197 5709 Vicarium
3236 5621 3535 5714 ,visitet
3579 5621 3803 5709 Cho-
