4834 6409
3126 565 3137 576 .
3616 495 3774 586 231

396 618 550 709 111.
628 648 974 734 magnae
1021 614 1502 708 Britanniae
1553 618 1822 734 Regis·
1865 619 2254 727 illustris,
2322 641 2405 707 et
2453 616 2735 709 dilecti
2789 613 3079 713 itidem
3127 613 3275 711 filii
3307 617 3598 709 'nostri
3646 609 4082 704 Jo·1³⁰¹’³¹’⁹⁸

394 739 635 858 sepbi
686 740 1005 833 'Renati
1043 803 1073 849 ,
1135 736 1339 827 dum
1389 742 1711 831 viveret
1760 805 1785 850 ‚
1851 741 2073 833 tituli
2158 742 2241 829 S.
2314 740 2746 829 Laurentii
2806 742 2891 824 in
2958 735 3284 831 Lucina
3347 734 3790 849 Presbyter
3813 703 4016 771 ⁰¹³⁶*

295 923 299 926 >
398 859 482 947 S.
526 861 627 947 R.
660 861 767 949 E.
821 859 1292 949 Cardinalis
1342 862 1760 980 imperiali
1811 865 2273 977 nuncupati
2357 861 2816 949 Hiberniae
2863 857 3084 973 apud
3142 889 3346 963 nos,
3411 878 3495 951 et
3569 856 3787 955 hanc

400 979 794 1075 Sanctam
846 978 1151 1093 §edem
1197 982 1691 1070 Protectoris
1738 979 2035 1071 studiis
2063 1045 2093 1084 ‚
2127 1005 2212 1070 et
2259 1012 2507 1096 opera
2559 984 2954 1096 separatis
2993 1011 3216 1069 anno
3271 1008 3523 1095 1729.
3567 1009 3789 1073 unus

400 1097 835 1195 Generalis
882 1100 1511 1190 Commissarius
1558 1166 1591 1208 ,
1654 1125 1740 1189 et
1782 1103 2164 1193 Vicarius
2212 1134 2311 1191 ex
2361 1105 2725 1217 ipsismet
2774 1101 3203 1186 Fratribus
3254 1101 3784 1203 constitutuS,

401 1215 814 1340 datusque
862 1221 1020 1311 fuit
1055 1286 1079 1330 ,
1110 1224 1269 1308 sub
1320 1248 1494 1342 quo
1542 1254 1808 1342 usque
1858 1221 1964 1313 ad
2012 1220 2462 1311 duodecim
2489 1221 2985 1308 Conventus
3023 1221 3774 1334 recuperati·sunt.:

399 1337 503 1425 In
554 1339 1211 1454 Congregatione
1267 1372 1463 1431 vero
1513 1340 2001 1435 eorumdem
2054 1340 2192 1431 die
2230 1344 2365 1429 23.
2410 1341 2922 1457 Septembris
2971 1344 3339 1455 proxime
3387 1338 3779 1452 elapsi'in

401 1455 850 1555 Conventu
902 1462 1407 1551 Dublinensi
1460 1464 1875 1557 celebrata
1925 1493 2183 1551 novos
2232 1463 2620 1550 Rectores
2669 1459 3108 1547 domorum
3161 1461 3617 1572 eligentes,
3700 1480 3787 1544 et

401 1575 1259 1699 suffragantes-poene
1310 1615 1596 1673 omnes
1647 1585 1736 1673 in
1787 1582 2152 1673 favorem
2215 1582 2650 1671 Generalis
2725 1580 3287 1673 Commissarii
3318 1641 3343 1680 ,
3409 1600 3494 1666 et
3541 1578 3789 1667 Vica-

394 1701 499 1789 rii
530 1764 562 1805 ,
614 1699 923 1789 dilecto
966 1708 1269 1816 pariter
1320 1701 1497 1795 filio
1540 1701 1946 1794 moderno
2001 1704 2262 1790 Priori
2317 1702 2708 1791 Generali
2767 1704 3022 1787 totins
3082 1697 3480 1817 praedicti
3533 1694 3787 1784 Ordi-

358 1820 533 1925 ,nis
590 1840 879 1937 preces
939 1824 1431 1917 obtulerunt
1465 1887 1491 1930 ,
1557 1849 1654 1912 ut
1702 1828 2079 1943 quamvis
2127 1824 2299 1911 sola
2378 1826 2571 1939 ipsis
2618 1821 2968 1909 facultas
3013 1852 3147 1909 sex
3197 1819 3445 1907 simul
3509 1814 3784 1907 eidem

359 1936 795 2031 'Generali
856 1944 1123 2033 Priori
1170 1942 1749 2056 praesentandi
1828 1948 2192 2051 inesset,
2254 1968 2534 2032 tamen
2586 1940 2905 2030 dictum
2957 1940 3457 2030 Generalem
3524 1936 3782 2031 Com.-

398 2061 867 2157 missarium
918 2127 947 2175 ‚
1032 2088 1119 2158 et
1174 2065 1606 2153 Vicarium
1646 2067 1847 2153 'sibi
1902 2066 2459 2180 Superiorem
2542 2061 2972 2175 designare
3023 2124 3049 2169 ,
3123 2083 3208 2148 et
3289 2055 3783 2148 confirmare

401 2180 717 2271 mallet.

521 2300 591 2400 S.
646 2308 726 2411 4.
784 2301 1004 2395 Cum
1056 2328 1377 2411 antem,
1416 2305 1633 2393 sicut
1678 2302 1969 2401 eadem
2018 2303 2411 2420 expositio
2460 2302 3024 2418 subjungebat
3070 2295 4104 2416 praefati'Fratres'‚Fr⁸²¹·e⁸

400 2426 828 2536 proprium
883 2423 1541 2515 mendicantium
1620 2427 2106 2526 Institutum
2188 2421 2788 2539 adimplentes,
2853 2420 2959 2508 ad
3010 2421 3411 2536 pastorale
3472 2393 4170 2554 anima÷¹⁸ffq¹¹figffi

403 2570 588 2627 rum
647 2547 1188 2633 ministerium
1244 2542 1728 2635 obeundum
1780 2544 1886 2631 ab
1938 2547 2130 2658 ipsis
2182 2544 2841 2658 Archiepiscopis
2868 2606 2899 2646 ,
2962 2566 3045 2630 et
3092 2541 3584 2654 Episcopis‚
3651 2569 3773 2627 se·
3800 2505 4144 2662 μερῶν.

402 2690 591 2746 curn
648 2654 1580 2756 ibidem³adbibeantur
1633 2727 1658 2770 ‚
1716 2687 1977 2781 atque
2044 2661 2252 2751 adeo
2317 2665 2425 2749 ab
2498 2662 2790 2749 iisdem
2855 2692 3193 2781 quoque
3259 2658 3775 2775 praesulibus
3800 2664 4122 2775 ercet-ioue

401 2783 1092 2872 commendentur
1139 2848 1165 2893 ,
1230 2807 1327 2871 ut
1375 2781 2082 2901 quemadmodum
2162 2787 2410 2871 ceteri
2464 2780 3124 2871 mendicantium
3177 2777 3541 2871 Ordines
3617 2755 4166 2869 5b5‚Prov1nc2ae.

397 2896 591 2986 dem
623 2964 648 3007 ‚
688 2927 773 2990 et
820 2906 1015 2993 alibi
1073 2908 1485 3021 propriam
1537 2904 2055 2993 Provinciam
2110 2906 2534 3009 obtinent,
2589 2907 2697 2989 ita
2751 2904 2946 3016 ipsis
2994 2903 3243 2989 etiam
3288 2931 3523 2993 susm
3576 2898 3777 2983 Pro·

397 3021 759 3109 vinciam
812 3022 1170 3131 habere,
1240 3024 1836 3112 provincialem
1891 3025 2246 3135 eligere,
2287 3026 2652 3140 aliosque
2690 3022 3173 3125 ⁶Ministros,
3214 3041 3298 3107 et
3348 3017 3779 3107 Officiales

349 3151 356 3157 '
402 3133 802 3255 deputare
835 3204 860 3247 ‚
913 3164 998 3229 et
1045 3144 1319 3237 omnia
1356 3206 1381 3249 ‚
1420 3147 1635 3229 sicut
1683 3167 1920 3231 antea
1975 3148 2055 3231 in
2113 3176 2340 3231 more
2391 3147 2752 3259 positum
2806 3163 3019 3247 erat,
3087 3138 3410 3249 facere,
3448 3162 3534 3233 et
3580 3169 3781 3229 con.-

401 3261 740 3347 stituere
791 3263 1083 3370 liceat,
1151 3286 1401 3380 atque
1455 3263 1702 3372 huius
1768 3268 1881 3350 rei
1933 3296 2177 3351 causa
2231 3287 2732 3351 memoratus
2786 3263 3019 3350 Prior
3069 3259 3499 3355 Generalis
3546 3284 3782 3373 prae-

400 3372 603 3493 dicti
656 3379 999 3470 Ordinis
1051 3382 1407 3498 desuper
1454 3386 1909 3496 praemissis
1967 3386 2522 3499 expostulatus
2573 3383 3107 3510 assistentiam
3166 3378 3506 3499 quidem
3531 3410 3781 3470 -suam

402 3504 948 3611 promittens,
1016 3502 1496 3619 hujusmodi
1528 3534 1744 3592 *vero
1796 3501 2272 3593 facultatem
2326 3538 2370 3592 a
2425 3504 2662 3590 nobis
2734 3503 2890 3588 sibi
2941 3533 3114 3587 esse
3173 3496 3780 3614 impetrandam

400 3620 971 3735 responderit:
1040 3625 1304 3712 Nobis
1367 3648 1797 3741 propterea
1861 3627 2361 3729 Antistites,
2425 3646 2511 3711 et
2559 3623 2885 3713 Fratres
2935 3617 3274 3734 praefati
3348 3616 3782 3711 humiliter

396 3743 837 3855 supplicari
892 3741 1268 3837 fecerunt
1306 3808 1331 3847 ,
1380 3768 1476 3833 ut
1523 3766 1988 3861 opportune
2050 3747 2207 3831 sibi
2287 3748 2369 3831 in
2440 3745 2899 3858 praemissis
2969 3737 3468 3856 providere,
3530 3761 3614 3830 et
3679 3760 3781 3826 ut

398 3859 610 3947 infra
663 3862 1090 3977 indulgere
1155 3865 1260 3952 de
1315 3867 1785 3981 Apostolica
1834 3866 2345 3977 benignitate
2397 3862 2962 3979 digna-remur.
4215 3969 4228 3979 ἱ

515 3983 585 4082 δ’.
638 3982 717 4069 5.
783 3983 954 4071 Nos
1004 3990 1252 4099 igitur
1300 3985 1635 4074 eosdem
1688 3986 2118 4073 Antistites
2155 4049 2179 4093 ,
2245 4010 2329 4073 et
2379 3985 2706 4073 Fratres
2753 3980 3247 4096 specialibus
3295 3979 3720 4069 favoribus
3750 4043 3776 4089 ,
3856 3993 4165 4063 Concedit

376 4121 478 4185 .et
528 4105 805 4212 gratiis
856 4111 1240 4224 prosequi
1315 4107 1750 4212 volentes,
1817 4102 2297 4218 hujusmodi
2364 4100 3107 4218 supplicationibus
3185 4104 3627 4206 inclinati,
3695 4086 4133 4189 amem&
4203 4124 4208 4129 ’

399 4247 684 4306 eorum
737 4225 1191 4335 singulares
1221 4222 1620 4340 'personas
1670 4258 1711 4310 a
1764 4227 2197 4341 quibusvis
2232 4222 3776 4336 excommunicationis,suspensionis,

397 4361 484 4423 et
559 4342 1051 4452 interdicti,
1097 4346 1444 4463 aliisque
1505 4345 2103 4433 Ecclesiasticis
2188 4346 2670 4450 sententiis,
2735 4344 3103 4429 censuris
3140 4403 3165 4446 ,
3233 4364 3317 4429 et
3379 4343 3670 4456 poenis
3734 4374 3783 4431 a

396 4461 643 4574 jure,
702 4465 835 4551 vel
888 4466 994 4554 ab
1044 4464 1385 4554 homine
1433 4464 1725 4585 quavis
1774 4469 2204 4551 occasione
2241 4527 2267 4572 ,
2331 4466 2466 4553 vel
2519 4494 2759 4555 causa
2815 4462 3048 4569 latis,
3101 4465 3163 4545 si
3218 4463 3525 4581 quibus
3575 4495 3782 4581 quo-

392 4578 864 4677 modolibet
913 4584 1357 4675 innodatae
1402 4587 1821 4691 existunt,
1883 4582 1987 4672 ad
2039 4582 2435 4675 effectum
2486 4587 3047 4700 praesentium
3099 4580 3529 4671 dumtaxat
3582 4616 3782 4677 con·

397 4703 919 4822 sequendum
971 4706 1266 4795 hatum
1336 4709 1543 4794 serie
1620 4706 2192 4813 absolventes,
2259 4728 2343 4793 et
2390 4703 2802 4793 absolutas
2852 4702 3028 4794 fore
3079 4727 3505 4798 censentes
3541 4768 3566 4811 ‚
3621 4704 3780 4795 bu-

394 4825 755 4933 jusmodi
807 4828 1551 4944 supplicationibus
1637 4828 2072 4932 inclinati,
2137 4827 2471 4913 attentis
2524 4827 2865 4911 narratis
2897 4888 2930 4929 ,
2991 4850 3078 4913 et
3138 4824 3424 4911 audito
3473 4823 3783 4915 dilecto

399 4940 688 5030 itidem
739 4944 913 5033 filio
966 4971 1242 5035 nostro
1291 4946 1548 5034 Nerio
1599 4947 1682 5033 S.
1742 4948 1837 5031 R.
1884 4947 1986 5032 E.
2040 4944 2451 5062 praefatae
2498 4944 2876 5031 Diacono
2937 4942 3362 5035 Cardinali
3427 4945 3782 5039 Corsino

397 5090 885 5179 nuncupato
936 5090 1221 5159 nostro
1262 5063 1726 5159 secundum
1780 5097 2117 5155 carnem
2168 5064 2493 5179 Nepote
2541 5062 2765 5180 apud
2817 5097 3018 5174 nos,
3084 5090 3172 5155 et
3217 5064 3499 5155 sedem
3546 5098 3782 5178 prae-

395 5175 652 5268 fatam
701 5183 1074 5295 ejusdem
1126 5187 1387 5298 Regni
1445 5186 1898 5275 Hiberniae
1946 5183 2348 5275 moderno
2398 5184 2872 5275 Protectore
2902 5251 2926 5295 ,
2966 5190 3101 5275 cui
3156 5185 3315 5272 hoc
3356 5190 3781 5298 negotium

398 5306 1017 5414 commisimus,
1054 5335 1301 5421 super
1347 5308 1689 5399 veritate
1740 5309 2116 5395 omnium
2163 5308 2988 5421 supra‘expositorum
3029 5306 3558 5414 informante,
3583 5307 3782 5395 Pror-

395 5424 763 5512 vinciam
809 5428 1239 5516 strictioris
1287 5427 1871 5516 observantiae·
1910 5424 2251 5543 praefati
2302 5424 2650 5517 Ordinis
2699 5431 2954 5519 totius
3005 5429 3268 5541 Regni
3325 5427 3786 5519 Hiberniae

397 5543 844 5659 saepedicti
918 5579 1113 5643 cum
1162 5547 1557 5639 omnibus
1606 5547 2188 5649 conventibus
2245 5579 2478 5641 nunc
2556 5549 3094 5639 existentibus
3128 5611 3154 5656 ,
3221 5570 3306 5637 et
3366 5549 3455 5639 in
3505 5573 3786 5665 poste-

396 5691 590 5755 rum
637 5665 1225 5791 recuperandis
1255 5732 1282 5779 ,
1322 5672 1782 5791 ceterisque
1833 5672 2223 5780 annexis,
2264 5692 2350 5761 et
2398 5671 2789 5763 connexis
2839 5672 2926 5759 in
2975 5672 3424 5791 pristinum
3472 5693 3786 5763 statum
