4834 6409
401 570 566 663 que
629 535 1132 645 christianis,
1171 555 1257 625 et
1286 532 1583 624 modus
1632 566 1767 624 eas
1801 532 2335 653 praedicandi
2384 558 2509 625 est
2552 536 2815 626 veluti
2866 534 3169 627 idioma
3222 460 3774 659 incognitum}

346 659 607 770 „adeo
653 682 1019 746 remotus
1057 681 1179 745 est
1228 690 1274 744 a
1323 660 1844 773 simplicitate
1906 658 2495 773 Apostolorum
2533 721 2556 765 ,
2624 681 2705 744 et
2756 690 3004 773 supra
3054 693 3602 758 communem,
3641 679 3802 762 c'a-,

292 803 323 814 ”
397 805 644 898 ptum
692 775 1128 868 fidelium:
1184 777 1480 898 Neque
1543 782 1731 865 satis
1798 775 2254 864 advertitur
2294 846 2319 884 ,
2398 774 2628 897 quod
2689 777 2828 864 hic
2881 777 3259 868 defectus
3335 786 3440 870 sit
3505 816 3775 873 unum

401 933 505 989 ex
550 902 803 1013 signis
868 903 1219 986 maxime
1280 900 1719 1001 sensilibus
1797 901 2242 985 senectutis
2315 900 2745 987 Ecclesiae
2781 961 2806 1006 ‚
2872 923 2956 986 et
3020 905 3187 988 irae
3247 902 3413 990 Dei
3477 906 3569 991 in
3628 905 3800 994 Fi·-

408 1022 566 1108 lios
616 1049 827 1105 suos.
876 1115 885 1120 .

527 1143 673 1253 96.
735 1135 966 1226 Deus
1031 1141 1482 1256 permittit,
1549 1164 1647 1227 ut
1707 1171 1990 1227 omnes
2067 1139 2518 1227 Potestates
2579 1143 2746 1225 sint
2822 1145 3275 1229 contrariae
3342 1141 3794 1238 Praedica-.

411 1260 733 1358 toribus
796 1261 1158 1350 veritatis
1205 1323 1231 1368 ‚
1297 1283 1389 1346 ut
1467 1266 1646 1378 ejus
1725 1264 2071 1350 victoria
2150 1259 2715 1347 attribui-nou
2793 1265 3097 1374 possit,
3173 1264 3328 1346 nisi
3407 1261 3772 1353 Divinae

414 1403 744 1494 gratiae.

406 1503 413 1509 ’
528 1528 676 1615 97.
740 1497 1008 1585 Nimis
1057 1529 1295 1614 saepe
1347 1502 1750 1613 contingit
1796 1501 2169 1587 membra
2233 1499 2425 1608 illa,
2479 1529 2693 1619 quae
2753 1503 3010 1612 magis
3064 1521 3399 1606 sancte,
3464 1533 3562 1589 ac
3606 1529 3779 1589 ma-

388 1623 535 1732 ‘gis
592 1618 871 1706 strIcte
935 1623 1165 1706 unita
1217 1621 1639 1708 Ecclesiae
1710 1645 1954 1727 sunt,
2034 1623 2378 1735 respici,
2450 1643 2698 1737 atque
2774 1624 3106 1707 tractari
3183 1644 3579 1739 tanquam
3665 1624 3774 1708 ab

415 1772 512 1827 ea
571 1761 989 1853 separata3
1056 1736 1201 1827 sed
1260 1745 1526 1854 justus
1585 1743 1797 1828 vivit
1856 1773 1954 1828 ex
2020 1738 2239 1846 fide,
2306 1763 2389 1824 et
2451 1770 2620 1824 non
2690 1770 2788 1824 ex
2864 1743 3252 1854 opinione
3306 1739 3770 1828 hominum.

533 1859 682 1972 98.
749 1859 1023 1946 Status
1104 1863 1696 1974 persecutionis
1743 1922 1768 1965 ‚
1856 1883 1939 1946 et
1995 1891 2514 1975 poenarum,
2600 1891 2803 1978 quas
2887 1863 3071 1977 quis
3142 1861 3434 1948 tolerat
3482 1925 3506 1969 ‚
3594 1884 3780 1950 tau·

431 2011 685 2098 quam
768 1977 1227 2067 haereticus
1263 2042 1290 2085 ,
1351 1981 1793 2090 flagitiosus
1829 2042 1853 2086 ,
1933 2004 2018 2067 et
2078 1981 2379 2093 impius
2416 2043 2441 2086 ,
2508 1980 2796 2065 ultima
2858 1983 3351 2098 plerumque
3407 1983 3785 2096 probatio

421 2123 599 2206 est,
679 2121 764 2185 et
821 2104 1176 2185 maxime
1225 2103 1633 2186 meritoria
1665 2163 1690 2207 ‚
1767 2121 2056 2217 utpote
2109 2130 2324 2218 quae
2373 2098 2572 2186 facit
2630 2099 3057 2188 hominem
3142 2105 3401 2212 magis
3454 2099 3779 2189 confor-

420 2250 647 2307 mem
698 2219 900 2304 Jesu
952 2219 1308 2304 Christo.

536 2369 709 2452 99..
749 2337 1213 2426 Pervicacia
1254 2401 1278 2445 ,
1341 2341 1818 2454 praeventio
1850 2404 1874 2447 ,
1928 2340 2372 2427 obstinatio
2420 2343 2508 2424 in
2558 2337 2925 2425 nolendo
2959 2403 2983 2447 ,
3047 2361 3189 2426 aut
3241 2338 3559 2458 aliquid
3611 2372 3790 2427 exa-

424 2461 796 2566 minare,
863 2483 1004 2545 aut
1084 2490 1521 2570 agnoscere
1581 2491 1667 2546 se
1765 2457 2015 2547 fuisse
2074 2459 2518 2576 deceptum
2564 2523 2587 2567 ,
2667 2484 2995 2546 mutant
3074 2459 3449 2578 quotidie
3511 2458 3793 2579 quoad

426 2582 733 2665 multos
783 2582 867 2663 in
921 2576 1265 2667 odorem
1315 2584 1604 2665 mortis
1654 2579 1737 2663 id
1769 2642 1793 2683 ‚
1857 2577 2087 2697 quod
2161 2581 2393 2667 Deus
2474 2584 2560 2664 in
2640 2611 2784 2666 sua
2835 2579 3210 2666 Ecclesia
3269 2583 3548 2695 posuit
3592 2646 3617 2687 ,
3698 2602 3794 2665 ut

429 2701 516 2783 in
605 2730 698 2786 ea
766 2722 973 2785 esset
1057 2699 1262 2789 odor
1337 2702 1616 2806 vitae,
1681 2699 1787 2785 V.
1844 2700 1947 2785 G.
2036 2697 2301 2785 bonos
2365 2698 2617 2784 libros
2667 2760 2692 2803 ,
2760 2701 3352 2785 instructiones
3404 2761 3427 2806 ,
3510 2723 3791 2786 sancta

432 2819 802 2934 exempla
857 2844 1010 2906 etc.

562 2967 748 3022 roo.
821 2941 1189 3054 Tempus
1250 2940 1759 3055 deplorabile
1794 3004 1818 3048 ‚
1887 2971 2058 3058 quo
2109 2939 2475 3028 creditur
2522 2937 2908 3026 honorari
2956 2939 3187 3025 Deus
3214 3001 3243 3042 ,
3290 2968 3797 3055 persequen-
3857 3032 3862 3037 ,

438 3054 551 3139 do
598 3060 1081 3163 veritatem,
1148 3065 1492 3176 ejusque
1545 3061 2013 3174 discipulos.
2082 3064 2452 3176 Tempus
2517 3058 2675 3144 hoc
2726 3057 3064 3148 advenit
3116 3122 3133 3143 .
3192 3118 3212 3140 .
3265 3116 3288 3140 .
3346 3121 3363 3140 .
3417 3056 3731 3144 Haberi
3772 3121 3798 3165 ‚

442 3196 528 3260 et
578 3179 909 3261 tractari
960 3211 1002 3287 a
1055 3178 1502 3287 Religionis
1547 3181 1944 3266 Ministris
1970 3246 2000 3285 ,
2053 3205 2446 3297 tanquam
2503 3181 2849 3292 impium
2882 3238 2908 3283 ‚
2965 3203 3049 3266 et
3082 3174 3522 3289 indignum
3573 3181 3804 3262 omni

440 3299 936 3382 commercio
987 3329 1182 3383 cum
1232 3297 1470 3399 Deo,
1543 3322 1935 3417 tanquam
1985 3302 2458 3386 membrum
2541 3296 2974 3411 putridum
3007 3362 3038 3403 ,
3115 3328 3366 3411 capax
3429 3318 3801 3384 corrum-

439 3411 696 3528 pendi
752 3420 1027 3503 omnia
1088 3421 1173 3502 in
1226 3421 1614 3512 societate
1667 3421 2161 3506 Sanctorum
2210 3483 2235 3527 ‚
2286 3442 2409 3506 est
2457 3418 2936 3504 hominibus
2984 3419 3141 3533 piis
3190 3436 3456 3503 morte
3503 3446 3796 3530 corpo-

441 3536 552 3618 ris
602 3565 821 3620 mors
875 3538 1331 3623 terribilior.
1388 3540 1727 3626 Frustra
1780 3542 1966 3657 quis
2013 3542 2169 3626 sibi
2218 3537 2652 3625 blanditur
2701 3535 2807 3623 de
2852 3567 3189 3624 suarum
3241 3538 3806 3622 intentionum

443 3656 801 3767 puritate
838 3719 862 3763 ,
928 3681 1012 3745 et
1078 3660 1256 3746 zelo
1310 3658 1672 3778 quodam
1761 3659 2209 3772 Religionis
2243 3723 2268 3767 ,
2331 3656 2904 3780 persequendo
2953 3658 3285 3743 flamma
3332 3718 3365 3759 ,
3422 3652 3811 3773 ferroque

449 3778 673 3861 viros
735 3778 1038 3889 probos
1074 3841 1098 3885 ,
1153 3782 1217 3864 si
1267 3783 1592 3893 propria
1657 3784 2032 3894 passione
2097 3803 2219 3866 est
2265 3805 2792 3885 excaecatus,
2859 3800 3002 3862 aut
3050 3775 3439 3890 abreptus
3488 3776 3808 3883 aliena,

446 3916 882 4008 propterea
954 3897 1183 4016 quod
1234 3896 1443 3984 nihil
1505 3898 1690 3986 vult
1755 3903 2243 3987 examinare.
2311 3899 2828 4017 Frequenter
2889 3892 3304 3984 credimus
3352 3892 3813 3984 sacrificare

445 4012 634 4102 Deo
684 4018 1032 4132 impium
1068 4083 1098 4122 ,
1149 4043 1231 4107 et
1279 4017 1832 4105 sacrificamus
1876 4018 2241 4106 Diabolo
2288 4017 2454 4105 Dei
2504 4050 2861 4106 servum.
3299 4091 3309 4102 .

580 4166 769 4221 101.
837 4138 1072 4224 Nihil
1120 4142 1444 4253 spiritui
1501 4139 1717 4248 Dei,
1786 4163 1869 4226 et
1918 4138 2342 4227 doctrinae
2389 4138 2590 4224 Jesu
2639 4137 2949 4223 Christi
3015 4138 3272 4247 magis
3320 4136 3797 4250 opponitur,

455 4285 709 4371 quam
763 4262 1235 4343 communia
1282 4254 1556 4344 facere
1603 4263 2071 4371 juramenta
2139 4263 2224 4345 in
2274 4259 2646 4346 Ecclesia
2687 4321 2711 4357 .,
2782 4260 2975 4376 quia
3024 4255 3187 4341 hoc
3239 4277 3359 4340 est
3404 4253 3809 4367 multipli-

455 4402 643 4461 care
693 4379 1159 4462 occasiones
1227 4374 1708 4491 pejerandi,
1761 4379 2098 4498 laqueos
2149 4376 2491 4466 tendere
2540 4377 2885 4463 infirmis
2913 4443 2946 4483 ,
3021 4400 3105 4463 et
3168 4372 3444 4460 idiotis
3476 4436 3502 4481 ,
3567 4394 3654 4461 et
3701 4371 3822 4460 ef·-

457 4491 761 4602 ficere,
837 4519 934 4582 ut
1005 4527 1364 4606 nomen,
1447 4518 1532 4582 et
1588 4502 1885 4591 veritas
1965 4498 2129 4587 Dei
2208 4496 2657 4618 aliquando
2732 4494 3200 4586 deserviant
3277 4494 3619 4583 consilio
3669 4495 3822 4578 im-

434 4645 814 4729 .pnorum.
1920 4703 1929 4712 ,

572 4734 640 4836 S.
679 4742 787 4846 ι4.
854 4737 1185 4827 Auditis
1236 4746 1516 4862 itaque
1566 4765 1751 4830 tum
1797 4769 2005 4831 voce
2035 4803 2059 4849 ,
2131 4764 2309 4827 tum
2388 4743 2696 4855 scripto
2745 4738 3009 4824 Nobis
3070 4738 3452 4824 exhibitis
3501 4731 3814 4852 praefa-
3844 4720 4209 4877 Dtammfff'·

444 4878 737 4954 ,torum
811 4857 1440 4973 Cardiualium,
1506 4864 2023 4982 aliorumque
2088 4859 2661 4974 theologorum
2723 4857 3129 4970 suffragiis
3166 4922 3189 4968 ,
3243 4856 3675 4974 divinique
3727 4859 3815 4942 in
3844 4834 4209 4970 ἷῑῑῑξΐίθιζ,

460 4981 750 5093 primis
815 4980 1150 5067 luminis
1194 5045 1219 5089 ,
1299 4987 1636 5100 privatis
1702 4981 1811 5070 ad
1886 5013 2082 5070 eum
2146 4980 2404 5069 finem
2454 5045 2479 5090 ‚
2546 4982 3075 5097 publicisque
3150 4982 3404 5066 etiam
3488 4973 4212 5085 indictistarumpro-

462 5100 851 5214 precibus
889 5163 916 5209 ,
975 5101 1411 5215 implorato
1469 5099 1932 5222 praesidio,
1998 5128 2336 5209 omnes,·
2401 5124 2485 5188 et
2533 5100 2896 5210 singulas
2947 5102 3538 5214 propositiones
3589 5087 4119 5210 prae-P025130‘

465 5223 809 5306 insertas
854 5284 880 5328 ,
947 5246 1341 5340 tanquam
1389 5221 1690 5332 falsas,
1771 5224 2228 5340 captiosa5‚
2306 5222 2525 5309 male
2590 5241 3024 5324 sonantes,
3102 5223 3424 5332 piarum
3500 5216 3827 5301 aurium
3853 5197 4220 5338 ¹2¹ssQO

471 5337 965 5451 offensivas,
1029 5339 1546 5434 scandalosas
1581 5406 1607 5451 ,
1673 5345 2169 5458 perniciosas
2203 5403 2229 5448 ,
2313 5343 2786 5430 temerarias
2835 5404 2859 5447 ‚
2928 5340 3351 5426 Ecclesiae
3385 5397 3411 5441 ‚
3478 5357 3564 5422 et
3648 5338 3830 5452 ejus
3855 5382 4140 5429 censura.

414 5539 425 5552 .
470 5468 693 5575 praxi
765 5466 1201 5581 injuriosas
1235 5528 1260 5572 ,
1341 5494 1622 5584 neque
1671 5465 1759 5548 in
1833 5463 2294 5550 Ecclesiam
2360 5462 2683 5567 solum,
2751 5458 2897 5546 sed
2958 5462 3203 5545 etiam
3257 5460 3343 5541 in
3391 5477 3832 5573 potestates

432 5586 780 5673 saeculi
841 5587 1529 5698 contumeliosas,
1597 5579 2083 5692 seditiosas,
2151 5585 2505 5701 impias,
2584 5579 3154 5697 blasphemas,
3234 5601 3655 5698 suspectas
3728 5573 3835 5661 de
