4834 6409
1033 407 1152 493 16
1780 485 1787 496 .

1034 527 1201 612 siae
1263 523 1385 638 de³
1440 525 1850 640 praesenti
1907 527 2274 615 vacantis
2340 520 2745 613 decorare
2785 521 3298 615 intendimus
3329 562 3358 640 3
3420 548 3989 642 opportunum
4071 534 4402 622 scilicet

1035 642 1424 731 ducimus
1458 707 1484 752 ‚
1549 669 1645 733 ut
1688 648 1841 764 qui
1882 643 1997 732 ad
2035 675 2308 735 novos
2354 643 2669 734 Christi
2714 643 3009 735 fideles
3068 643 3525 734 mittendus
3588 671 3709 736 est
3743 714 3767 760 ,
3835 657 4020 768 ejus
4075 657 4398 770 potissi-

1029 795 1269 851 mum
1317 763 1695 852 Civitatis
1778 765 2064 853 Pastor
2112 770 2451 873 existat,
2514 767 2664 852 uhi
2699 830 2726 876 ‚
2791 790 2889 854 ut
2936 772 3026 854 in
3087 768 3677 883 Apostolorum
3755 772 4076 859 actibus
4137 771 4393 862 habe-

1030 915 1270 991 mus,
1335 888 1698 1000 primum
1746 890 2303 999 cognominati
2365 910 2563 974 sunt
2621 885 3010 1004 discipuli
3072 884 3546 975 Christiani.

1146 1005 1412 1092 Vacat
1460 1007 1711 1116 igitur
1759 1006 2186 1094 Ecclesiae
2236 1004 2810 1094 patriarchalis
2870 1006 3392 1095 Antiochena
3443 1038 3592 1124 per
3640 1011 3967 1122 obitum
4015 1008 4393 1106 Michae-

1029 1124 1131 1212 lis
1182 1125 1486 1238 Angeli
1534 1124 1937 1215 Matthaei
1997 1127 2273 1211 ultimi
2320 1126 2546 1212 illius
2594 1127 3145 1215 patriarchae.
3769 1226 3774 1232 ¹
3827 1169 3831 1174 ·

1143 1244 1668 1360 Antiochena
1692 1245 2011 1332 Civitas
2060 1251 2276 1334 inter
2324 1244 2616 1358 Regias
2650 1248 2933 1361 Syriae
2957 1247 3237 1335 Urbes
3267 1249 3653 1363 primaria
3691 1312 3717 1358 ,
3757 1246 4160 1362 dignitate
4211 1284 4387 1339 non

1021 1367 1301 1450 minus
1337 1391 1379 1471 ,·
1428 1397 1681 1485 quam
1761 1363 2337 1478 magnitudine
2412 1368 3011 1472 celeberrima,
3075 1398 3304 1455 nune
3379 1397 3594 1483 pene
3679 1368 4137 1459 inhabitata
4215 1372 4377 1458 sub

1023 1484 1489 1570 Tur-carum
1542 1484 1980 1599 tyrannide
2031 1485 2740 1599 reperitur3ideo
2789 1489 3008 1576 illius
3056 1510 3360 1575 statum
3411 1485 3698 1575 defleri
3739 1491 3991 1603 magis
4027 1551 4053 1597 ,
4115 1521 4377 1609 quam

1026 1608 1391 1690 enarrari
1453 1636 1913 1718 congruum
1976 1631 2123 1692 est.
2681 1709 2685 1714 ⁵

1142 1722 1448 1811 Eidem
1498 1726 1922 1814 Ecclesiae
1972 1724 2502 1813 Patriarchali
2554 1724 2995 1838 praeficere
3044 1724 3553 1814 intendimus
3597 1756 3797 1813 eum
3828 1790 3858 1835 ‚
3909 1761 4163 1848 quem
4220 1790 4246 1835 ,
4295 1752 4393 1814 ut

1018 1839 1428 1951 diximus,
1493 1851 1618 1931 uti
1684 1847 2212 1933 Visitatorem
2263 1846 2840 1962 Apostolicum
2893 1878 3087 1933 cum
3148 1870 3549 1961 potestate
3605 1849 3860 1934 etiam
3912 1849 4201 1963 Legati
4264 1844 4374 1934 de

1022 1960 1324 2049 Latere
1361 1963 1479 2050 'ad
1531 1967 1914 2053 Sinarum
1951 2029 1977 2074 ‚
2042 1968 2365 2084 aliaque
2429 1964 2861 2051 Indiarum
2912 1965 3467 2082 Orientaliqm
3517 1965 3801 2077 Regna
3863 1972 4190 2057 mittere
4239 1963 4387 2054 de·

1016 2086 1487 2192 crevimus,
1570 2085 1964 2173 videlicet
2038 2085 2440 2173 dilectum
2490 2086 2799 2171 Filium
2852 2085 3249 2170 Carolum
3300 2084 3713 2170 Thomam
3787 2087 4178 2176 Maillard
4263 2084 4373 2173 de

1018 2200 1420 2291 Tournou
1468 2235 1569 2293 ex
1619 2206 2070 2293 Catholicis
2107 2268 2130 2313 ,
2197 2230 2283 2293 et
2331 2207 2752 2291 nobilibus
2799 2206 3280 2321 parentibus
3328 2207 3416 2288 in
3467 2203 3830 2292 Civitate
3880 2208 4379 2294 Taurineusi

1026 2344 1301 2408 ortum
1339 2388 1364 2431 ,
1431 2330 1636 2441 juris
1682 2329 2114 2447 utriusque
2175 2327 2680 2430 Doctorem‚
2747 2326 3037 2412 Sacrae
3103 2323 3607 2435 Theologiae
3680 2324 4171 2438 Magistrum
4204 2388 4231 2432 ,
4297 2328 4387 2411 iu

1019 2471 1248 2529 sacro
1309 2444 1929 2560 presbyteratus
1992 2442 2286 2532 ordine
2335 2478 2378 2531 a
2429 2445 2810 2559 pluribus
2872 2449 3111 2530 annis
3188 2446 3735 2530 constitutum
3772 2508 3796 2551 ,
3863 2477 3957 2533 ac
4008 2445 4384 2533 Cubicu-

1021 2561 1322 2648 larium
1402 2589 1778 2654 nostrum
1862 2564 2197 2651 honoris
2258 2588 2836 2680 nuncupatum
2887 2626 2912 2670 ‚
2976 2570 3250 2651 virum
3338 2594 3535 2649 sane
3583 2625 3610 2669 ‚
3674 2562 4384 2682 quemadmodum

1012 2681 1258 2767 etiam
1320 2680 1701 2772 familiari
1763 2688 2258 2800 experientia
2322 2690 2706 2770 novimus
2743 2748 2767 2791 ,
2834 2686 3187 2799 pietate,
3254 2679 3632 2769 doctrina
3686 2746 3709 2789 ‚
3777 2708 3860 2772 et
3937 2684 4378 2805 prudentia
4449 2713 4453 2721 ·

1011 2798 1258 2912 longe
1318 2828 1892 2918 praestantem.
1960 2804 2195 2912 Quid
2241 2804 2509 2889 Vobis
2570 2803 2976 2890 videtur?

1137 2923 1654 3010 Auctoritate
1707 2925 2327 3039 omnipotentis
2402 2922 2624 3035 Dei,
2690 2923 3180 3009 Sanctorum
3263 2922 3854 3037 Apostolorum
3937 2926 4225 3033 Petri,
4288 2946 4373 3012 et

1010 3034 1316 3148 Pauli,
1381 3075 1476 3131 ac
1529 3068 1801 3132 nostra
2152 3137 2161 3150 ,

1133 3160 1678 3251 Providemus
1723 3164 2149 3252 Ecclesiae
2197 3162 2733 3251 Patriarchali
2784 3162 3357 3250 Antiochenae
3429 3164 3537 3253 de
3601 3195 3946 3281 persona
4030 3160 4375 3279 praefati

1010 3274 1296 3368 Caroli
1344 3282 1766 3393 Thomae‚
1830 3282 2400 3400 praeficientes
2452 3316 2645 3371 eum
2698 3288 2781 3369 in
2836 3281 3388 3370 Patriarcham
3427 3349 3454 3391 ‚
3516 3308 3600 3372 et
3650 3287 4067 3374 Pastorem
4099 3344 4124 3388 ‚
4182 3313 4373 3369 cum

1009 3406 1475 3491 retentione
1525 3409 1956 3513 omnium,
2010 3427 2093 3492 et
2141 3435 2932 3523 quorumcumque,
2987 3433 3201 3522 quae
3248 3403 3597 3492 obtinet.

1131 3520 1229 3607 In
1287 3521 1622 3613 nomine
1670 3527 1932 3614 Patris
1966 3522 2115 3633 ξΒ,
2167 3548 2252 3614 et
2286 3525 2479 3612 Filii
2514 3521 2622 3627 ἐζ(
2654 3589 2685 3629 ,
2749 3546 2832 3612 et
2883 3525 3231 3638 Spiritus
3279 3519 3386 3624 »Β
3423 3523 3730 3611 Sancti.
3788 3528 4089 3611 Amen.

1545 3847 1933 3975 ALI'A
2045 3886 3134 4002 ALLOQUUTIO
3229 3886 3845 3975 HABITA

1504 4091 1521 4104 ⁹
1594 4125 1693 4213 In
1747 4124 2252 4219 Consistorio
2298 4154 2615 4221 secreto
2664 4128 2799 4218 die
2869 4135 2999 4239 ¹4·
3068 4128 3459 4219 Octobris
3531 4153 3780 4248 ¹7¹¹·

2210 4369 2858 4464 ARGUMEN
2857 4370 3164 4459 TUM.

1016 4539 1363 4700 Obitum
1404 4616 1550 4729 pie
1583 4575 2180 4701 reeordationis
2218 4613 2514 4702 Caroli
2570 4615 2939 4711 Thomae
2985 4613 3075 4699 S.
3115 4615 3213 4700 R.
3251 4611 3354 4702 E.
3401 4606 3890 4701 Cardinalis
3949 4601 4053 4690 de
4112 4609 4373 4697 Tour-

1123 4765 1290 4816 non
1352 4736 1667 4820 Macai
1715 4740 1805 4818 in
1866 4735 2271 4819 Sinarum
2334 4740 2687 4851 imperio
2733 4732 2873 4820 die
2938 4733 3022 4819 8.
3085 4736 3335 4822 Junii
3401 4766 3650 4854 ¹7¹⁰·
3700 4744 4084 4819 secutum
4161 4732 4365 4816 DD.

1129 4850 1729 4960 Cardinaiilms
1795 4861 2364 4941 communicat
2396 4919 2423 4963 ,
2485 4860 2832 4973 ejusque
2885 4853 3356 4967 praeclaris
3417 4861 3509 4939 in
3556 4852 4033 4943 Ecclesiam
4050 4911 4076 4956 ,
4141 4849 4372 4964 Apo-

1119 4971 1507 5057 stolicam
1567 4972 1870 5061 Sedem
1923 5040 1950 5078 ,
2020 4974 2715 5094 Catholicamque
2781 4972 3311 5095 Religionem
3384 4979 3710 5062 meritis·
3748 4971 3959 5090 fase
4014 4999 4371 5053 comme·

1122 5097 1469 5176 moratis
1506 5155 1531 5197 ‚
1595 5101 2005 5212 exequias
2061 5127 2216 5210 pro
2291 5094 2711 5216 suffiagio
2790 5100 2974 5213 ejus
3049 5094 3426 5182 Animae
3510 5102 3603 5212 in
3680 5088 4133 5208 Pontificio
4215 5090 4372 5175 Sa-

1117 5211 1325 5296 cello
1371 5211 1850 5298 solemniter
1897 5216 2433 5304 celebrandas
2480 5215 2809 5302 indicit.
2865 5217 3246 5329 Deputat
3302 5213 3607 5305 deinde
3648 5242 3940 5315 suum,
4000 5228 4086 5293 et
4133 5208 4363 5322 Apo-

1118 5332 1460 5418 stolicae
1505 5330 1743 5420 Sedis
1790 5334 1894 5420 de
1943 5338 2248 5422 Latere
2286 5339 2705 5457 Legatum
2752 5336 3207 5452 Josepkum
3254 5337 3673 5426 Benacum
3720 5334 3809 5422 S.
3859 5336 3959 5421 R.
4011 5326 4118 5430 E..
4155 5330 4371 5415 Dia-

1118 5477 1420 5534 conum
1450 5451 2021 5543 ‘Cardinalem
2067 5457 2609 5572 Imperialem
2656 5452 2778 5542 ad
2826 5457 3234 5545 Carolum
3293 5459 3464 5547 III.
3516 5457 4143 5575 Hispaniarum
4204 5447 4365 5533 Ca-

998 5611 1009 5622 ·
1117 5566 1520 5654 tholicum
1550 5636 1574 5680 ‚
1624 5607 1774 5664 nee
1823 5609 1988 5664 non
2048 5580 2552 5699 Hungariae
2578 5640 2607 5684 ,
2672 5595 2756 5663 et
2818 5577 3274 5664 Bokemiae
3323 5579 3635 5702 Regem
3679 5574 4106 5666 Illustrem
4137 5629 4160 5675 ‚
4213 5575 4370 5686 qui
