4834 6409
1019 432 1190 519 300

1008 552 1211 668 quid
1267 549 1640 645 conferre
1692 557 1991 644 habeat
2065 590 2257 645 cum
2308 561 2678 655 Alumno
2761 567 3092 659 alterius
3139 565 3536 659 camerae
3573 590 3610 670 ,’
3665 565 4092 681 impetrata
4146 566 4370 679 prius

1007 672 1331 778 licentia
1400 675 1490 759 P.
1544 680 1896 765 Ministri
1937 740 1959 780 ‚
2024 710 2171 767 seu
2223 682 2642 793 Rectoris,
2681 710 2928 805 atque
2980 694 3052 775 ei
3106 691 3457 802 exposita
3513 719 3750 779 causa
3803 717 4076 775 coram
4132 687 4375 774 Prae·

1002 795 1220 883 secto
1283 795 2508 915 CameraeAlumnipostulati
2551 870 2575 911 ,
2648 811 2915 907 italice
2962 809 3452 926 alloquatur.
3861 886 3876 905 ,
4027 882 4028 887 ¹

1078 914 1597 1003 ·Praefectus
1649 919 2043 1006 Gamerae
2107 927 2191 1008 in
2262 927 2757 1021 associandis
2824 930 3209 1027 Alumnis
3265 954 3492 1027 extra
3558 927 4026 1036 Collegium
4082 959 4406 1031 curam=

1004 1035 1394 1123 adhibeat
1430 1099 1454 1142 ,
1527 1070 1626 1124 ne
1675 1039 2185 1149 immodeste,
2235 1052 2654 1133 turmatim
2693 1114 2717 1155 ,
2751 1072 2831 1137 et
2897 1053 3136 1137 nimis
3189 1051 3577 1136 velociter
3628 1046 4017 1151 incedant
4053 1107 4077 1152 ,
4129 1073 4226 1133 et·
4267 1080 4370 1134 ne

1007 1156 1344 1245 devient
1401 1190 1439 1241 a
1510 1159 1706 1244 locis
1758 1185 1946 1245 ante
1996 1193 2403 1275 egressum
2462 1205 2501 1254 a
2561 1170 2795 1256 Patre
2847 1170 3226 1254 Ministro
3280 1167 3741 1281 designatis.

1126 1278 1776 1367 Constitutiones
1840 1314 1985 1394 per
2041 1317 2184 1370 nos
2240 1290 2563 1373 noviter
2645 1290 2912 1376 editae
2974 1288 3080 1375 de
3141 1290 3703 1374 Alumnorum
3782 1285 4212 1400 disciplina
4276 1286 4371 1375 fi·

1003 1395 1297 1485 deliter
1361 1399 1954 1508 observentur,
2022 1428 2105 1491 et
2155 1408 2216 1492 si
2290 1406 2495 1525 quid
2548 1409 2897 1495 dubium
2931 1468 2955 1514 ‚
3022 1433 3162 1494 aut
3213 1415 3601 1496 omissum
3657 1414 3735 1495 in
3793 1408 3949 1492 illis
4003 1412 4369 1493 invenia-

1003 1539 1192 1623 tur,
1261 1526 1342 1605 in
1400 1520 1843 1608 levioribus
1898 1544 2218 1611 tantum
2269 1531 2370 1613 sit
2437 1528 2517 1611 in
2578 1531 2921 1617 Rectore
2981 1526 3323 1617 facultas
3395 1526 4043 1642 interpretandi,
4114 1553 4395 1654 atque,

1000 1636 1441 1843 aldiiciendi
1491 1702 1528 1744 ,,
1588 1673 1857 1762 neque
1940 1651 2278 1733 Alumni
2345 1655 2635 1767 quovis
2698 1673 3129 1768 ‘praetextu
3187 1651 3293 1738 ab
3368 1655 3547 1767 ejus
3622 1648 3937 1766 judicio
3999 1646 4361 1735 audeant

1072 1786 1440 1850 tvertere.
2599 1796 2606 1803 ·

1736 2012 1919 2123 ⁶De
1979 2011 2550 2097 Alumnorum
2614 2021 2931 2130 pietate
2978 2087 3009 2127 ,
3092 2037 3173 2104 et
3248 2016 3577 2103 studiis.

1115 2243 1171 2340 §-
1241 2251 1377 2353 24.
1445 2250 1663 2337 Cum
1717 2253 1800 2335 in
1854 2255 2203 2365 pietate,
2247 2276 2331 2338 et
2377 2252 2673 2343 studiis
2727 2264 3068 2374 reposita
3125 2262 3227 2346 sit
3274 2289 3455 2370 spes
3503 2254 3986 2364 Evangelici
4041 2249 4357 2337 fructus

1000 2394 1093 2447 ex
1147 2365 1700 2459 Alumnorum
1756 2370 2244 2481 educatione
2299 2381 2839 2488 praemaxime
2888 2384 3204 2494 optati,
3274 2378 3579 2464 idcirco
3632 2375 3996 2460 districte
4052 2376 4355 2487 praeci·

990 2485 1317 2596 pimus,
1394 2515 1491 2577 ut
1558 2496 1831 2578 omnia
1883 2496 2204 2606 pietatis
2256 2495 2526 2583 officia
2582 2496 3104 2593 laudabiliter
3152 2496 3621 2585 introducta
3673 2492 3966 2581 sedulo
4003 2556 4026 2599 ,
4095 2516 4177 2578 et
4227 2523 4356 2576 ac·

1001 2628 1282 2692 curate
1334 2612 1961 2726 compleantur,
2028 2636 2111 2699 et
2174 2649 2318 2729 pro
2399 2622 2713 2705 ratione
2796 2619 3261 2709 studiorum
3318 2650 3530 2704 nova
3585 2638 3990 2700 statuatur
4043 2611 4358 2697 metho-

864 2780 869 2784 -
991 2720 1209 2831 dus,
1275 2761 1421 2843 per
1486 2764 1731 2849 quam
1790 2732 2094 2817 nedum
2152 2741 2492 2823 Alumni
2562 2742 2646 2822 in
2700 2740 3019 2827 Scholis
3086 2742 3428 2827 Romani
3484 2737 3835 2845 Collegii
3905 2735 4354 2845 Logicam,

984 2841 1668 2963 Metaphisicam,
1721 2853 2254 2964 Theologiam
2322 2861 2961 2971 speculativam,
3031 2861 3516 2976 linguasque
3567 2856 3918 2940 Graecas
3956 2918 3977 2958 ,
4039 2875 4122 2937 et
4181 2850 4347 2938 He·

987 2966 1305 3056 braicas
1366 2976 1883 3085 percipiant3
1938 3007 2225 3065 verum
2280 2984 2530 3074 etiam
2581 2984 2665 3066 in
2721 2983 3094 3093 Collegio
3142 2986 3493 3093 privatas
3533 2977 3893 3061 habeant
3962 2975 4353 3058 lectiones

990 3090 1282 3191 Sacrae
1368 3097 1835 3207 Scripturae
1874 3159 1897 3201 ,
1967 3093 2740 3197 controversiarum
2779 3168 2802 3208 ,
2868 3125 2951 3188 et
2998 3101 3495 3212 Theologiae
3560 3097 3893 3180 Moralis
3961 3095 4356 3207 peculiari

987 3241 1275 3294 eorum
1349 3217 1723 3298 instituto
1778 3226 2367 3316 accomodatas·
2442 3221 2630 3330 Qua
2711 3223 2817 3311 de
2897 3254 2982 3308 re
3059 3220 3228 3310 duo
3280 3225 3361 3306 in
3443 3217 3817 3325 Collegio
3896 3214 4357 3299 habeantur

981 3327 1413 3441 Magistri,
1478 3341 1621 3452 qui
1663 3335 2165 3450 quotidianis
2218 3344 2749 3450 lectionibus,
2802 3364 2885 3431 et
2938 3346 3318 3454 congruis
3374 3335 4065 3451 disputationibus
4119 3337 4358 3418 scho-

983 3452 1188 3537 lares
1240 3482 1716 3558 exerceant,
1770 3478 2017 3572 atque
2096 3502 2231 3556 eos
2300 3461 2403 3556 ad
2461 3463 2866 3550 Missionis
2930 3461 3303 3551 officium
3379 3456 3714 3542 idoneos
3793 3452 4202 3559 reddant,
4270 3476 4354 3540 et

986 3571 1184 3659 ordo
1249 3577 1697 3666 lectionum
1764 3586 2467 3690 repartiendarnm
2520 3586 3056 3700 imposterum
3116 3576 3675 3669 observandus
3726 3574 4346 3690 praescribatur.

2241 3836 2377 3919 De
2445 3802 3102 3921 Convz‘ctoribzcs.

1101 4064 1166 4161 S.
1226 4062 1362 4149 25.
1428 4062 1696 4151 Nemo
1772 4070 1893 4150 uti
1985 4071 2441 4159 Convictor
2505 4074 2947 4182 recipiatur
2994 4132 3024 4171 ‚
3090 4068 3249 4152 nisi
3328 4066 3719 4150 viaticum
3809 4065 3889 4146 in
3974 4055 4356 4163 manibus

983 4179 1243 4271 Patris
1300 4185 1662 4271 Rectoris
1730 4218 1877 4299 pro
1925 4192 2281 4279 discessu
2337 4191 2753 4305 deponat,
2825 4213 2910 4275 et
2958 4188 3402 4300 anticipate
3464 4185 3850 4269 alimenta
3904 4178 4350 4296 persolvat,

979 4324 1062 4392 et
1140 4308 1412 4391 omnia
1478 4339 1692 4424 quae
1756 4307 1861 4395 de
1947 4315 2508 4400 Alumnorum
2596 4314 2884 4414 victu,
2952 4312 3307 4410 vestitu,
3373 4329 3457 4392 et
3517 4303 3949 4417 disciplina
4044 4299 4352 4383 sancita

975 4447 1232 4532 sunt,
1316 4424 2029 4523 indiscriminatim
2098 4461 2418 4551 praeter
2501 4438 3063 4548 juramentum
3139 4428 3554 4513 Missionis
3643 4424 4080 4510 observare
4163 4447 4348 4532 pro·

975 4549 1271 4632 mittat.

1978 4679 2114 4762 De
2177 4694 2404 4761 statu
2451 4671 2900 4788 temporali
2979 4668 3365 4786 Collegii.

1085 4913 1156 5009 §-
1230 4929 1365 5012 26.
1432 4920 2008 5008 Exhibeantur
2085 4921 2167 5001 in
2220 4946 2505 5003 mense
2567 4913 2845 4999 Martii
2906 4908 3356 5023 cujuslibet
3419 4909 3619 4993 anni
3669 4926 4055 5018 computa
4119 4900 4340 4987 Effio

971 5028 1424 5132 Protectori
1456 5106 1480 5149 ,
1546 5048 1689 5163 qui
1744 5075 1931 5129 cum
2006 5033 2858 5127 animadversionibus
2907 5034 3034 5117 sui
3101 5028 3724 5115 Ratiocinatoris
3787 5058 3879 5111 ea
3932 5025 4341 5110 transmit-

968 5181 1082 5246 tat
1162 5162 1265 5249 ad
1323 5167 1866 5254 secretarium
1938 5163 2241 5249 ‘Sacrae
2303 5154 2982 5268 Congregationis
3058 5147 3165 5236 de
3251 5143 3785 5264 propaganda
3868 5142 4078 5230 Fide
4124 5204 4150 5248 ,
4233 5140 4339 5231 ad

968 5291 1356 5385 effectum
1450 5285 1964 5377 examinandi
2038 5302 2342 5370 statum
2406 5276 3035 5367 oeconomicum
3082 5273 3169 5354 in
3217 5270 3693 5385 particulari
3752 5264 4336 5376 Congregatio·

962 5448 1068 5503 ne
1135 5411 1712 5507 constituenda
1782 5440 1880 5495 ex
1928 5405 2216 5505 Emis,
2297 5421 2381 5483 et
2433 5397 2659 5483 Rffiis
2709 5390 3295 5483 Cardinalibus
3346 5386 3820 5492 Praefecto,
3901 5409 3987 5473 et
4050 5385 4331 5469 Prote-

964 5542 1330 5627 ctoribus
1411 5538 1884 5643 Regnorum
1960 5523 2361 5636 Angliae,
2430 5517 2750 5607 Scotiae
2799 5577 2825 5624 ‚
2913 5537 2996 5605 et
3078 5510 3531 5601 Hiberniae
3616 5541 3809 5596 cum
3870 5506 4334 5596 Secretario

966 5660 1437 5775 praedictae
1487 5647 2195 5768 Congregationis.
