4834 6409
3606 432 3774 534 ‘3⁰8st

407 562 1414 686 Superiores-frequenter
1463 572 1952 681 recogitent,
2000 598 2086 655 se
2136 564 2244 655 de
2287 568 2459 677 suis
2502 563 3551 653 subd-itis-rationem·⁴Deo
3601 556 3786 653 red-

383 676 777 795 dituros,
837 689 1362 809 aciproinde.
1419 687 1858 801 diligenter
1905 691 2286 804 serioque
2357 712 2787 794 caveantt,-
2828 716 2934 774 ne
2968 686 3784 807 -'ex:propria⁴indul,-

385 807 676 925 ,gentle
715 867 740 910 ‚
795 831 906 915 et,
959 814 1442 901 remissione-
1486 812 1878 922 regularis
1945 807 2402 923 disciplina,
2447 808 2767 895 lare'tur-
2798 798 3097 893 z··dun³§
3146 811 3539 895 nimirum
3592 809 3781 894 suin.

403 921 554 1008 diti
624 931 1204 1044 impunitatem
1256 932 1562 1025 sibiex
1611 933 2054 1046 superioris
2113 930 2663 1016 conniventia
2740 916 3275 1044 pollicentes,
3341 927 3785 1046 quodlibet

404 1040 708 1160 audere
780 1053 1171 1165 paulatim
1240 1077 1741 1139 assuescunt.
1810 1050 2681 1158 Quamobremcau·te
2727 1115 2756 1154 ,
2824 1054 3585 1168 circumspecteque
3665 1074 3784 1136 at-

407 1162 811 1278 tendant,
884 1206 988 1258 ne
1038 1177 1557 1290 quiscontra
1621 1175 2275 1262 Constitutiones
2340 1171 2648 1255 abusus
2698 1175 2992 1289 quovis
3043 1192 3464 1284 praetextu
3538 1170 3785 1257 indu·

407 1309 686 1373 catur:
736 1301 1290 1412 noverintque
1333 1323 1428 1378 ex
1478 1298 1747 1405 parvis
1799 1291 2580 1402 transgressionibus
2630 1322 3008 1402 magnam
3060 1288 3565 1410 quandoque
3622 1297 3787 1377 rui-

403 1435 593 1491 nam
650 1409 1132 1527 disciplinae
1189 1414 2072 1526 regulariim'minere:
2147 1410 2402 1529 idque
2444 1410 2521 1494 si
2590 1414 2952 1526 ipsorum
3007 1412 3211 1498 vitio
3280 1415 3703 1523 contingat
3754 1478 3777 1519 ‚

404 1530 925 1635 gravissimae
979 1540 1190 1647 ipsos
1243 1564 1498 1619 noxae
1551 1566 1728 1619 reos
1777 1532 1975 1620 fore.
2043 1533 2187 1616 IV.
2259 1532 2355 1615 In
2434 1535 2724 1645 poenis
2801 1527 3336 1646 injungendis
3402 1531 3788 1647 Superio-

391 1646 808 1749 ‚resbaec
873 1659 1316 1770 praecipue
1373 1654 1840 1743 observent.
1916 1654 2286 1738 Primum
2325 1714 2364 1757 .,
2435 1677 2533 1736 ut
2586 1677 2826 1737 aucta
2879 1655 3271 1763 gravitate
3335 1653 3627 1769 culpae
3697 1686 3794 1741 ex

392 1770 803 1881 (gravitate
851 1778 1663 1872 circumstantiarum
1687 1837 1714 1877 ,
1766 1804 2025 1886 poena
2077 1777 2380 1887 pariter
2456 1797 2908 1882 augeatur:
2950 1772 3089 1857 -Et
3149 1773 3233 1856 in
3301 1774 3403 1857 iis
3447 1770 3788 1891 quidem

399 1882 982 1999 Monasteriis,
1035 1896 1479 2015 iri-quibus
1525 1920 1650 1981 est
1685 1891 2212 2009 frequentior
2260 1891 2864 1979 Monaeho‘rutn
2920 1923 3344 1997 numerus,
3410 1892 3515 1979 ad
3554 1916 3796 1981 'men-

407 2036 586 2092 sam
639 2044 1182 2107 communem
1222 2048 1320 2103 ex
1372 2014 1768 2105 schedula
1820 2048 1882 2100 a.
1918 2016 2410 2129 superiore,
2470 2014 2607 2099 vel
2658 2017 2836 2128 ejus
2910 2012 3247 2099 Vieario
3294 2012 3725 2101 scribenda
3763 2083 3792 2122 ,

344 2161 353 2170 ·
401 2124 732 2238 legatur
783 2138 1024 2249 eulpa
1064 2200 1092 2241 ,
1162 2160 1245 2223 et
1306 2158 1598 2250 poena,
1663 2133 2028 2221 indicato
2088 2138 2336 2221 etiam
2393 2137 2731 2220 nomine
2777 2131 3343 2252 delinquentis
3401 2132 3507 2219 ad
3564 2166 3791 2222 com·

407 2254 754 2363 munem
815 2255 1535 2362 aedificationem,
1603 2258 1756 2341 nisi
1807 2251 2016 2340 forte
2068 2256 2240 2368 ipse
2285 2287 2472 2343 reus
2519 2251 2814 2342 eodem
2879 2257 2964 2339 in
3028 2255 3212 2339 loco
3274 2285 3372 2340 ex
3436 2286 3576 2340 sua
3647 2256 3798 2343 de·

399 2375 748 2463 ,votione
814 2378 1018 2465 velit
1073 2409 1162 2464 se
1216 2380 1490 2492 ipsum
1537 2376 1782 2462 simili
1832 2371 2085 2460 modo
2159 2406 2539 2462 accusare
2578 2410 2605 2457 ι
2665 2371 2925 2483 Quod
2991 2376 3240 2460 etiam
3320 2374 3712 2489 Superior
3764 2436 3790 2480 ,

403 2518 605 2599 „cum
658 2493 745 2580 id
804 2496 1188 2612 expedire
1236 2501 1322 2585 in
1384 2497 1752 2589 Domino
1801 2493 2324 2609 judicaverit,
2383 2498 3191 2611 injungere'poterit.
3257 2493 3793 2603 Secundum,

412 2630 510 2693 ut
584 2638 844 2727 'poeqa
896 2621 1264 2730 gravior,
1314 2642 1398 2706 et
1457 2619 1922 2726 gravissima
1957 2672 1986 2721 ,
2046 2647 2209 2701 non
2265 2619 2414 2702 nisi
2471 2646 2663 2703 cum
2726 2619 3153 2702 maturiori
3215 2614 3557 2702 consilio
3645 2619 3798 2705 Pa-

398 2750 636 2830 ,trum
682 2742 1101 2826 seniorum
1164 2740 1269 2825 ab
1305 2736 1666 2831 ‚Abbate
1741 2736 2163 2847 infligatur
2196 2800 2220 2843 ,
2285 2759 2553 2856 eaque
2598 2739 2685 2821 in
2756 2739 3080 2850 seriptis
3113 2800 3143 2842 ,
3207 2759 3307 2824 et·
3358 2762 3797 2857 postquam

413 2846 524 2937 de
575 2859 818 2971 eulpa
870 2859 1328 2944 constiterit
1375 2888 1523 2973 per
1571 2854 2170 2942 confessionem
2223 2860 2333 2944 rei
2373 2920 2398 2960 ,
2455 2858 2585 2942 vel
2618 2887 2782 2971 per
2832 2860 3381 2972 competentia
3436 2865 3793 2945 testimo·

415 2979 579 3062 nia.
646 2977 764 3063 Et
836 2979 902 3063 si
956 2975 1037 3061 id
1083 2979 1223 3065 -rei
1300 2981 1650 3091 gravitas
1701 3001 2077 3088 exposcat
2110 3040 2135 3083 ,
2207 2978 2559 3064 Abbatis
2605 2980 2851 3064 etiam
2915 2977 3351 3066 Generalis
3397 2985 3797 3067 sententia

406 3121 775 3212 rogetur.
829 3097 1260 3203 Tertium,
1304 3123 1396 3187 ut
1447 3098 1875 3185 Fratribus
1945 3122 2382 3207 provectae
2438 3101 2723 3184 aetatis
2785 3095 3059 3217 quoad
3123 3100 3437 3221 aliquas
3486 3132 3793 3217 poenas

418 3224 661 3313 aetati
715 3220 1064 3305 minime
1113 3224 1699 3308 convenientes
1748 3281 1771 3322 ,
1827 3217 2111 3302 Abbas
2173 3216 2746 3334 itadispenset
2794 3280 2820 3324 ‚
2902 3243 2995 3305 ut
3058 3221 3249 3307 alias
3311 3223 3557 3307 simul
3632 3253 3805 3308 ma-

413 3344 1129 3452 gis.congrueutes
1181 3334 1579 3455 injungat,
1648 3337 1742 3423 In
1812 3340 2160 3448 graviori
2214 3370 2468 3443 ver0,
2528 3363 2610 3426 et
2672 3342 3138 3451 gravissima
3207 3344 3445 3458 culpa
3489 3408 3512 3450 ,
3580 3366 3796 3433 taxa·

412 3486 580 3549 tam
639 3465 721 3547 in
777 3458 1533 3559 Constitutiouibus
1603 3457 2488 3574 poenam·nullateuus
2560 3483 2847 3566 mutet,
2916 3464 3070 3546 nisi
3136 3495 3801 3551 causa-commu-

407 3579 660 3667 tandi·
701 3583 804 3667 sit
868 3579 1618 3695 legitime:probata
1681 3609 1956 3665 coram
2026 3577 2836 3666 Abbate.Generali.
2884 3580 3320 3687 Quartum
3360 3648 3385 3689 ,
3470 3606 3565 3669 ut
3625 3585 3800 3669 Ab·

409 3702 563 3790 has
615 3700 820 3787 dum
890 3700 1243 3814 alicujus
1327 3702 1656 3816 culpam
1727 3697 2202 3808 redarguit,
2251 3724 2394 3786 aut
2458 3731 2809 3815 poenam
2876 3702 2951 3786 ei
3017 3704 3442 3817 injungit,
3510 3732 3800 3796 caveat

409 3849 940 3938 summopere
973 3883 998 3924 ,
1069 3853 1174 3908 ne
1220 3818 1310 3906 id
1359 3853 1453 3908 ex
1493 3824 1609 3908 ira
1645 3886 1676 3925 ,
1726 3842 1867 3905 aut
1918 3816 2164 3927 odio,
2216 3843 2360 3907 aut
2410 3821 2882 3907 vehementi
2936 3824 3188 3907 animi
3240 3824 3803 3939 perturbatio-

411 3974 523 4028 ne
575 3942 843 4045 faciat,
897 3942 1330 4062 multoque
1381 3946 1655 4031 minus
1691 4004 1714 4047 ,
1771 3971 1873 4026 ne
1937 3940 2371 4052 injuriosis·
2419 3941 2751 4046 verbis,
2819 3961 2963 4027 aut
3013 3945 3803 4050 contumeliis,·sive

413 4058 1149 4177 imprecationibus
1202 4094 1431 4147 reum
1485 4062 1856 4176 excipiat.
1923 4056 2179 4167 Quod
2228 4062 2295 4144 si
2345 4059 2431 4145 id
2482 4060 2767 4147 fecerit
2803 4125 2827 4169 ,
2891 4095 2935 4147 a
3002 4063 3801 4151 Seniore.Monaste·

416 4186 514 4271 rii
572 4202 1004 4268 moneatur
1066 4181 1367 4286 semel,
1418 4181 1547 4266 bis
1582 4245 1606 4288 ,
1662 4182 1956 4267 tertio:
2025 4182 2258 4298 sique
2301 4180 2828 4279 ,emendatus
2884 4211 3044 4266 non
3099 4179 3348 4272 fuerit
3382 4248 3406 4294 ,
3469 4184 3574 4271 ad
3627 4187 3799 4272 Ab·

414 4307 695 4391 batem
764 4300 1260 4388 Generalem
1337 4296 1755 4386 deferatur
1795 4363 1824 4402 ,
1895 4299 2038 4416 qui
2089 4301 2160 4385 ei
2221 4297 2581 4387 debitam
2664 4303 2956 4417 culpae
3032 4334 3381 4415 poenam
3461 4308 3804 4394 omnino

419 4429 822 4539 injungat.
887 4421 990 4505 V.
1061 4422 1144 4507 Si
1198 4422 1400 4539 quis.
1433 4453 1533 4507 ex
1581 4419 2010 4506 Fratribus
2068 4421 2527 4534 injunctam
2606 4423 2760 4507 sibi
2815 4425 3403 4537 poenitentiam
3467 4459 3565 4513 ex
3622 4461 3811 4543 pro-

417 4536 675 4633 tervia
704 4608 733 4648 ‚
785 4568 929 4629 aut
979 4541 1134 4627 alia
1188 4545 1441 4627 animi
1491 4540 2110 4652 perturbatione
2157 4542 2438 4628 subire
2487 4540 3066 4630 detrectaverit
3102 4606 3126 4647 ,
3194 4546 3278 4630 in
3334 4547 3621 4633 cellam
3680 4553 3805 4634 iu·
3898 4576 3905 4581 ·

419 4665 647 4755 cludi
715 4696 947 4751 reum
1011 4665 1300 4779 jubeat
1347 4662 1694 4772 Abbas3
1758 4684 1843 4746 et
1893 4683 2167 4772 postea
2254 4667 2525 4748 mittat
2598 4661 2702 4748 ad
2770 4694 2961 4749 eum
3030 4667 3387 4754 seniores
3467 4666 3805 4778 Patres,

421 4789 566 4901 qui
618 4787 861 4871 illum
908 4808 1305 4872 moneant
1353 4780 1457 4869 ad
1508 4783 2125 4898 poenitentiam,
2157 4804 2241 4866 et
2287 4780 2695 4871 inducant
2744 4780 2847 4868 ad
2900 4781 3499 4894 obedientiam,
3554 4820 3806 4906 quam

420 4910 484 4990 si
539 4902 885 5012 fecerit,
948 4907 1168 4993 bene
1227 4906 1443 5010 erit,
1523 4908 1588 4990 si
1660 4925 1937 4988 autem
2009 4898 2286 4987 adhuc
2362 4902 2448 4987 in
2503 4907 3019 4991 contumacia
3100 4912 3809 5019 perseveraverit,

424 5022 703 5111 triduo
754 5025 994 5125 illum
1042 5020 1360 5111 includi
1413 5028 1516 5109 in.
1563 5023 1766 5111 cella
1814 5020 2198 5138 jubebit,
2266 5043 2350 5109 et
2412 5040 2628 5138 pane
2680 5046 2995 5110 tantum
3047 5089 3071 5132 ,
3137 5049 3223 5111 et
3270 5060 3481 5146 aqua
3535 5033 3804 5117 vesci.

427 5143 698 5264 quue
760 5177 954 5233 cum
1029 5145 1272 5260 culpa
1311 5206 1336 5249 ,
1402 5143 1514 5231 ob
1594 5174 1843 5261 quam
1892 5172 2159 5254 poena
2234 5144 2699 5257 injungitur
2745 5207 2770 5250 ,
2838 5176 3002 5230 non
3055 5148 3160 5230 sit
3219 5145 3540 5260 gravior
3588 5212 3612 5256 ,
3667 5174 3812 5238 aut

425 5268 948 5376 gravissima:
1021 5297 1212 5353 nam
1262 5266 1346 5351 in
1398 5296 1499 5352 eo
1549 5294 1745 5352 casu
1819 5259 2193 5374 augenda
2255 5268 2411 5350 erit
2462 5265 2961 5380 poenitentia
3027 5270 3251 5380 juxta
3325 5269 3808 5385 qualitatem

423 5387 768 5493 delicti,
834 5383 1541 5505 quemadmodum
1601 5380 1812 5473 infra
1865 5379 2191 5473 dicetur
2247 5381 2457 5500 Cap.
2532 5391 2662 5494 14.
2731 5418 2813 5472 n.
2877 5415 2949 5470 1.
3012 5385 3159 5472 Vl.
3227 5385 3451 5474 Cum
3519 5391 3811 5505 culpae

421 5511 628 5597 aliae
676 5510 841 5594 sint
890 5509 1109 5596 leves
1159 5568 1183 5613 ,
1248 5507 1456 5594 aliae
1501 5535 1840 5619 graves,
1904 5504 2308 5612 graviores
2346 5569 2378 5609 ,
2438 5528 2521 5592 et
2570 5508 3142 5618 gravissimae3
3210 5503 3465 5596 debet
3519 5511 3808 5599 Abbas

425 5631 971 5745 poenitantias
1019 5633 1258 5748 juxta·
1299 5629 1734 5755 culparum
1780 5620 2263 5745 qualitatem
2300 5628 2762 5743 injungere,
2803 5650 2897 5714 ut
2945 5625 3156 5716 infra
3196 5631 3812 5744 praescribitur.
