4834 6409
426 594 776 697 vinciae,
827 616 969 681 aut
1019 593 1708 685 Monasteriorum
1779 591 1886 681 ad
1937 593 2311 682 habitum
2368 599 2735 711 recipere
2782 617 3054 711 potest
3103 623 3271 702 eos,
3322 596 3473 711 qui
3522 591 3627 682 ad
3676 599 3821 681 iu-

423 716 808 807 stitutum
860 713 1132 803 idonei
1174 715 1709 805 videbuntur.
1755 716 2032 804 Potest
2081 720 2329 804 etiam
2381 715 2717 807 eosdem
2770 714 3219 820 dimittere,
3242 715 3327 831 'si
3374 712 3586 803 saeta
3636 746 3827 830 puo-

422 833 762 929 batione
801 839 1075 923 miuus
1112 836 1392 927 idonei
1448 842 1743 951 reperti
1797 835 2500 946 stteriueQuintO,
2522 839 2634 924 ab
2682 839 3077 923 omnibus
3109 836 3611 941 Abbatibus,
3648 841 3825 924 sine

421 952 1079 1063 provinciarum,
1132 959 1304 1046 sive
1359 957 2080 1066 monasteriorum,
2137 988 2597 1077 eorumque
2665 961 3067 1064 vicariis,
3114 982 3267 1042 aut
3336 959 3825 1047 Procurato-

421 1073 714 1180 ribus,
769 1081 1226 1196 ceterisque
1278 1074 1807 1166 officialibus
1859 1103 2124 1192 potest
2175 1082 2529 1167 rationes
2578 1083 2898 1191 exigere
2942 1080 3105 1164 sibi
3132 1141 3164 1185 ,
3222 1079 3361 1162 vel
3412 1076 3825 1211 aliiJ-red-

426 1189 743 1280 dendas
792 1195 897 1284 de
934 1204 1370 1289 cominisso
1419 1200 1598 1286 illis'
1629 1198 1984 1299 Officio,
2023 1223 2166 1286 aut
2217 1204 2625 1312 regimine
2658 1223 2861 1294 ,tum
2906 1199 3345 1315 spirituali,
3398 1224 3578 1284 tum
3620 1224 3829 1299 tem,-

426 1315 710 1426 porali.
782 1318 1086 1425 Sexte,
1142 1319 1431 1407 audire
1496 1344 1764 1433 potest
1800 1386 1830 1425 ,
1894 1353 1990 1409 ac
2066 1319 2455 1407 decidere
2532 1354 2823 1407 causas
2874 1322 3262 1405 munium
3330 1319 3757 1405 Abbatum
3795 1381 3820 1424 ,

425 1459 568 1517 aut
618 1435 1224 1528 Monacborum
1278 1438 1383 1526 ad
1444 1472 1532 1527 se
1582 1440 2176 1553 appellantium
2229 1477 2274 1529 a
2325 1444 2803 1551 gravamine
2849 1444 3387 1555 Superiorem
3424 1504 3457 1546 ‚
3507 1440 3649 1528 vel
3695 1473 3827 1529 ae·-

428 1555 806 1670 qualium
857 1560 993 1645 vel
1061 1559 1569 1648 inferiorum.
1625 1562 2054 1675 Septimo,
2118 1563 2493 1647 consulta
2557 1561 3225 1672 Congregatione
3292 1561 3828 1672 Hegumeno·

428 1705 612 1759 rum
681 1681 1045 1791 recipere
1083 1705 1352 1795 potest
1396 1678 1503 1767 ad
1556 1680 1965 1767 Ordinem
2031 1666 2317 1768 omnes
2375 1682 2833 1770 Monachus
2884 1681 3273 1792 fugitivos
3300 1684 3554 1785 „sive
3606 1687 3829 1795 Apo*

424 1814 727 1903 statas,
795 1820 880 1889 et
937 1822 1102 1889 tam
1158 1834 1352 1893 cum
1431 1802 1652 1907 illis,
1715 1834 1969 1920 quam
2033 1835 2225 1888 cum
2291 1804 2471 1888 aliis
2549 1804 3036 1907 Monacbis,
3104 1806 3247 1920 qui
3316 1825 3597 1887 contra
3674 1801 3833 1889 Re-

428 1916 733 2022 gulam,
800 1921 974 2005 sive
1022 1925 1686 2011 Constitutiones
1731 1954 2268 2041 quocumque
2334 1924 2588 2015 modo
2639 1925 3220 2041 peccaverint,
3283 1921 3833 2008 misericordi-

430 2058 553 2120 ter
604 2034 1076 2153 dispensare
1125 2076 1371 2159 super
1436 2046 1961 2156 poenitentiis
1999 2107 2024 2151 ,
2090 2047 2262 2130 sive
2309 2069 2626 2160 partem
2680 2047 3285 2159 poenitentiae,
3344 2047 3517 2130 sive
3582 2047 3834 2129 etiam

429 2176 687 2242 totam
740 2162 1293 2271 remittendo,
1360 2188 1607 2279 prout
1657 2163 1762 2249 ad
1814 2197 2102 2251 eorum
2153 2167 2504 2255 salutem
2573 2162 3044 2277 conducere
3114 2168 3197 2248 in
3253 2163 3622 2249 Domino
3704 2170 3836 2279 ju-

433 2272 855 2373 dicaverit.
892 2283 1169 2370 Potest
1216 2289 1459 2372 etiam
1515 2288 2085 2400 poenitentias,
2119 2294 2334 2403 quae
2384 2284 2490 2372 ad
2540 2282 3175 2373 satisfactionem
3228 2314 3832 2401 quorumcum-

432 2427 598 2513 que
649 2396 1134 2489 defectuum
1198 2408 1644 2493 convenire
1694 2403 2236 2511 videbuntur,
2293 2409 2730 2520 injungere
2763 2470 2794 2510 ,
2857 2404 3134 2490 habita
3191 2406 3505 2490 ratione
3557 2435 3835 2519 perso·

436 2548 731 2607 narum
769 2583 794 2626 ,
850 2547 934 2610 et
981 2524 1327 2615 aliarum
1397 2527 2198 2613 circumstantiarum
2240 2587 2264 2631 ,
2318 2559 2675 2645 quarum
2748 2523 3302 2648 consideratio
3346 2529 3524 2639 ejus
3576 2524 3841 2611 chari·

437 2641 577 2722 tati
632 2671 823 2727 cum
878 2643 1314 2756 prudentia
1368 2650 1864 2757 conjunctae
1915 2648 2524 2759 committitur3
2589 2650 2696 2732 ita
2762 2669 2859 2731 ut
2905 2643 3519 2753 rectitudinem,
3586 2668 3669 2731 et
3717 2674 3841 2731 se·

434 2761 861 2849 veritatem
916 2797 1110 2853 cum
1159 2767 1672 2876 benignitate
1707 2829 1730 2871 ,
1783 2788 1867 2851 et
1921 2764 2560 2853 mansuetudine
2622 2764 3019 2870 misceat,
3082 2798 3184 2854 eo
3249 2764 3504 2851 modo
3552 2796 3638 2851 se
3699 2796 3836 2876 ge-

437 2878 723 2986 rend0,
784 2908 876 2969 ut
924 2890 1172 2970 etiam
1223 2890 1368 3002 qui
1436 2888 2042 3000 corripiuntur,
2095 2882 2253 2972 hoc
2303 2889 2577 2999 ipsum
2627 2917 3108 2999 agnoscere,
3163 2884 3566 3004 faterique
3616 2914 3842 2972 com·

435 3003 870 3114 pellantur.
939 3003 1289 3111 Octavo,
1356 3028 1622 3120 potest
1688 3010 1960 3092 locum
2002 3068 2027 3111 ,
2094 3029 2177 3091 et
2230 3037 2516 3093 vocem
2583 3007 2710 3091 his
2748 3066 2772 3112 ,
2840 3014 2985 3125 qui
3039 3011 3544 3111 amiserunt,
3602 3008 3835 3092 resti·

444 3145 732 3227 tuere,
798 3147 878 3209 et
931 3122 1337 3212 inhabiles
1389 3126 1819 3215 habilitare
1880 3124 1985 3211 ad
2051 3124 2377 3234 officia,
2443 3150 2528 3214 et
2590 3126 2942 3239 graduS,
3023 3129 3178 3214 nisi
3246 3127 3845 3213 commisissent

439 3244 637 3333 tales
688 3243 1006 3358 culpas,
1064 3270 1206 3331 aut
1256 3243 1630 3333 defectus
1699 3248 1894 3333 tales
1944 3244 2374 3351 haberent,
2442 3276 2801 3367 quorum
2866 3246 3368 3367 dispensatio
3417 3279 3568 3362 per
3618 3244 3845 3351 Con-7

415 3367 905 3453 ‘stitutiones
982 3364 1622 3481 Congregationi
1690 3368 2082 3453 Generali
2119 3430 2143 3471 ,
2197 3392 2279 3453 et
2329 3368 3014 3479 Hegumenorum
3054 3436 3077 3477 ,
3136 3392 3279 3454 aut
3352 3398 3500 3482 per
3566 3395 3865 3481 sacros-

435 3483 821 3571 Canones
884 3488 1326 3601 EpiscopO,
1380 3489 1512 3574 vel
1565 3486 1777 3575 Rfim
1823 3487 2198 3572 Domino
2251 3488 2774 3577 patriarchae
2830 3512 3311 3578 reservetur.
3382 3488 3660 3595 Noun,
3697 3518 3846 3601 po-

444 3627 596 3690 test
659 3607 1404 3719 Congregationem
1456 3608 1954 3694 Generalem
2015 3611 2263 3692 etiam
2339 3634 2525 3695 ante
2578 3617 3171 3726 praescriptum
3243 3634 3571 3721 tempus
3645 3638 3846 3695 con·

438 3754 736 3814 vocare
810 3760 905 3814 ex
982 3759 1223 3814 causa
1306 3728 1828 3834 rationabili,
1895 3728 2024 3813 vel
2089 3751 2274 3841 post
2347 3754 2727 3816 exactum
2806 3735 3253 3819 terminum
3331 3726 3675 3814 differre
3749 3731 3837 3814 in

439 3845 667 3933 aliud
722 3873 1043 3965 tempus
1108 3880 1371 3967 usque
1420 3848 1523 3933 ad
1580 3849 2063 3957 biennium,
2120 3847 2249 3933 vel
2305 3853 2812 3936 triennium:
2880 3851 3279 3938 consultis
3344 3847 3850 3972 tamenlle·

437 3972 877 4073 gummis,
931 3994 1014 4056 et
1077 3968 1356 4055 habita
1425 3966 1817 4056 facultate
1869 4002 1910 4055 a
1966 3967 2176 4055 Rfito
2236 3969 2604 4055 Domino
2683 3971 3177 4057 patriarcha.
3268 3966 3503 4055 Idem
3554 3968 3840 4056 dicen-

403 4088 644 4189 ‘dum
699 4087 806 4174 de
855 4087 1513 4198 congregatione
1565 4090 2278 4200 Hegumenorum,
2331 4121 2580 4206 quam
2652 4086 2822 4204 ipse
2886 4094 3106 4178 solus
3173 4121 3629 4175 convocare
3680 4120 3831 4202 po·

437 4232 626 4315 test,
689 4210 1012 4325 quoties
1067 4205 1175 4293 de
1226 4207 1467 4292 rebus
1505 4206 1915 4318 agendum
1953 4231 2077 4293 est
2127 4209 2346 4294 illius
2386 4218 2954 4298 auctoritatem
3009 4211 3549 4322 exigentibus.
3591 4206 3840 4295 Decia-

444 4363 585 4419 mo
620 4391 645 4429 ‚
711 4351 979 4439 potest
1034 4329 1577 4433 constituere,
1628 4327 1969 4447 quando
2033 4326 2456 4415 videbitur
2503 4333 2658 4415 sibi
2728 4332 3166 4446 expedire,
3221 4332 3850 4417 Procuratorem

443 4448 668 4568 apud
707 4446 1007 4536 Sedem
1063 4449 1623 4561 Apostolicam
1679 4448 2163 4552 Romanam,
2217 4473 2302 4535 et
2351 4452 2698 4537 alterum
2753 4452 2975 4566 apud
3034 4452 3331 4537 Sedem
3392 4450 3845 4541 Antioche·

448 4604 667 4678 nam,
700 4574 843 4686 qui
899 4602 1179 4656 causas
1232 4565 1573 4653 Ordinis
1630 4572 1878 4658 nostri
1947 4574 2285 4656 nomine
2337 4574 2585 4684 ipsius
2639 4573 2997 4658 Abbatis
3040 4572 3473 4659 Generalis
3520 4594 3836 4688 pertra-

443 4718 633 4781 ctet.
674 4689 1177 4799 Undecimo,
1219 4713 1482 4804 potest
1532 4691 1807 4792 etiam,
1843 4713 1925 4775 et
1960 4687 2211 4777 debet
2261 4691 2686 4778 Vicarium
2743 4725 2985 4779 suum
3025 4693 3521 4780 Generalem
3584 4697 3849 4778 nomi·

451 4810 674 4919 nare,
706 4834 789 4896 et
838 4812 1167 4923 eligere,
1197 4815 1339 4931 qui
1383 4807 1634 4925 ipsius
1669 4842 1716 4897 e
1749 4812 1951 4895 vivis
2000 4811 2288 4925 erepti,
2334 4813 2469 4900 vel
2510 4814 2866 4925 legitime
2904 4812 3277 4928 impediti
3316 4817 3537 4901 vices
3588 4812 3844 4923 gerat,

448 4957 626 5017 tum
684 4935 762 5015 in
819 4936 1218 5043 regimine
1271 4935 1521 5017 totius
1559 4929 1931 5036 Ordinis,
1967 4954 2142 5017 tum
2186 4935 2267 5017 in
2318 4931 2584 5045 Cong.
2636 4934 3356 5047 [legumenorutm
3412 4960 3554 5020 aut
3603 4935 3853 5019 etiam

444 5051 866 5155 Generali,
920 5070 1184 5168 usque
1236 5050 1342 5137 ad
1400 5054 1590 5136 nov-i
1645 5052 2000 5137 Abbatis
2051 5054 2575 5140 electionem.
2639 5055 2717 5139 Is
2770 5079 3047 5142 autem
3103 5056 3485 5140 Vicat-ius
3534 5085 3858 5166 semper

451 5169 706 5258 debet
766 5202 940 5258 esse
995 5173 1310 5287 primus
1360 5203 1456 5260 ex
1506 5193 1868 5290 quatuor
1917 5171 2482 5285 Hegumenis:
2525 5206 2892 5293 cumque
2940 5179 3383 5288 contigerit
3442 5174 3857 5260 Abbatem

445 5292 942 5381 Generalem
991 5355 1015 5399 ,
1088 5315 1184 5378 ut
1252 5305 1492 5408 supra
1527 5354 1552 5396 ,
1608 5321 1655 5378 e
1709 5294 1917 5381 vivis
1981 5291 2386 5380 decedere
2424 5359 2448 5401 ,
2504 5321 2647 5382 aut
2717 5296 3081 5408 legitime
3132 5293 3582 5410 impediri3
3651 5317 3854 5382 tunc

449 5414 962 5526 llegumenis
1023 5416 1222 5531 ,ipsis
1291 5411 1447 5501 fas*
1489 5434 1668 5501 esto.
1731 5414 2123 5531 quintum
2193 5410 2787 5527 Hegum'enum
2856 5414 3282 5529 eligendi,
3349 5419 3498 5536 qui
3578 5418 3855 5502 locum

448 5538 717 5650 quarti
771 5536 1379 5638 tenebit‚‘cum
1440 5536 1784 5649 primus,
1850 5531 2317 5622 ut'dictum
2368 5564 2517 5644 est,
2576 5563 3002 5655 tamquam
3071 5537 3422 5625 Abbatis
3486 5537 3855 5625 Genera-

457 5657 547 5739 lis
603 5658 974 5745 vicarius
1025 5655 1466 5749 habendus
1529 5657 1660 5742 sit.
1714 5652 2270 5764 Duodecimo,
2320 5690 2627 5780 poenes
2684 5659 3098 5749 Abbatem
3162 5659 3661 5748 Generalem
3733 5680 3855 5745 est
