<?xml version="1.0" encoding="UTF-8"?>
<!DOCTYPE html PUBLIC "-//W3C//DTD XHTML 1.0 Transitional//EN"
    "http://www.w3.org/TR/xhtml1/DTD/xhtml1-transitional.dtd">
<html xmlns="http://www.w3.org/1999/xhtml" xml:lang="en" lang="en">
 <head>
  <title>
</title>
<meta http-equiv="Content-Type" content="text/html;charset=utf-8" />
  <meta name='ocr-system' content='tesseract 3.04.00' />
  <meta name='ocr-capabilities' content='ocr_page ocr_carea ocr_par ocr_line ocrx_word'/>
</head>
<body>
  <div class='ocr_page' id='page_1' title='image "./bullariumpontif00fidegoog_0403.png"; bbox 0 0 4834 6409; ppageno 0'>
   <div class='ocr_carea' id='block_1_1' title="bbox 399 438 3889 2128">
    <p class='ocr_par' dir='ltr' id='par_1_1' title="bbox 399 438 3889 2128">
     <span class='ocr_line' id='line_1_1' title="bbox 3616 438 3779 552; baseline -0.012 -27"><span class='ocrx_word' id='word_1_1' title='bbox 3616 438 3779 552; x_wconf 77' lang='lat'><strong>39¹</strong></span> 
     </span>
     <span class='ocr_line' id='line_1_2' title="bbox 404 564 3789 691; baseline -0.003 -36"><span class='ocrx_word' id='word_1_2' title='bbox 404 571 694 677; x_wconf 89' lang='lat' dir='ltr'><strong>marii,</strong></span> <span class='ocrx_word' id='word_1_3' title='bbox 753 568 1144 657; x_wconf 85' lang='lat' dir='ltr'><strong>Janitoris</strong></span> <span class='ocrx_word' id='word_1_4' title='bbox 1193 634 1220 677; x_wconf 93' lang='lat'><strong>,</strong></span> <span class='ocrx_word' id='word_1_5' title='bbox 1284 566 1557 691; x_wconf 87' lang='lat' dir='ltr'><strong>Coqui</strong></span> <span class='ocrx_word' id='word_1_6' title='bbox 1609 633 1642 678; x_wconf 86' lang='lat'><strong>,</strong></span> <span class='ocrx_word' id='word_1_7' title='bbox 1699 592 1784 656; x_wconf 88' lang='lat' dir='ltr'><strong>et</strong></span> <span class='ocrx_word' id='word_1_8' title='bbox 1836 565 2158 657; x_wconf 79' lang='lat' dir='ltr'><strong>similia.</strong></span> <span class='ocrx_word' id='word_1_9' title='bbox 2225 570 2610 659; x_wconf 78' lang='lat' dir='ltr'><strong>Privatus</strong></span> <span class='ocrx_word' id='word_1_10' title='bbox 2653 588 2932 654; x_wconf 88' lang='lat' dir='ltr'><strong>autem</strong></span> <span class='ocrx_word' id='word_1_11' title='bbox 2996 593 3201 654; x_wconf 87' lang='lat' dir='ltr'><strong>voce</strong></span> <span class='ocrx_word' id='word_1_12' title='bbox 3262 564 3529 653; x_wconf 85' lang='lat' dir='ltr'><strong>activa</strong></span> <span class='ocrx_word' id='word_1_13' title='bbox 3608 590 3789 647; x_wconf 16' lang='lat' dir='ltr'><strong>*nou</strong></span> 
     </span>
     <span class='ocr_line' id='line_1_3' title="bbox 401 679 3792 810; baseline -0.003 -36"><span class='ocrx_word' id='word_1_14' title='bbox 401 714 672 803; x_wconf 84' lang='lat' dir='ltr'><strong>potest</strong></span> <span class='ocrx_word' id='word_1_15' title='bbox 718 686 1203 804; x_wconf 84' lang='lat' dir='ltr'><strong>suffragium</strong></span> <span class='ocrx_word' id='word_1_16' title='bbox 1265 687 1483 779; x_wconf 88' lang='lat' dir='ltr'><strong>ferre</strong></span> <span class='ocrx_word' id='word_1_17' title='bbox 1525 694 1612 778; x_wconf 89' lang='lat' dir='ltr'><strong>in</strong></span> <span class='ocrx_word' id='word_1_18' title='bbox 1665 690 1940 810; x_wconf 81' lang='lat' dir='ltr'><strong>aliqua</strong></span> <span class='ocrx_word' id='word_1_19' title='bbox 1987 688 2487 797; x_wconf 87' lang='lat' dir='ltr'><strong>Electione,</strong></span> <span class='ocrx_word' id='word_1_20' title='bbox 2530 710 2681 775; x_wconf 85' lang='lat' dir='ltr'><strong>aut</strong></span> <span class='ocrx_word' id='word_1_21' title='bbox 2742 686 3425 799; x_wconf 84' lang='lat' dir='ltr'><strong>Congregatione.</strong></span> <span class='ocrx_word' id='word_1_22' title='bbox 3489 679 3792 798; x_wconf 87' lang='lat' dir='ltr'><strong>Neque</strong></span> 
     </span>
     <span class='ocr_line' id='line_1_4' title="bbox 399 808 3797 922; baseline -0.003 -27"><span class='ocrx_word' id='word_1_23' title='bbox 399 832 674 922; x_wconf 84' lang='lat' dir='ltr'><strong>potest</strong></span> <span class='ocrx_word' id='word_1_24' title='bbox 719 808 900 898; x_wconf 84' lang='lat' dir='ltr'><strong>fieri</strong></span> <span class='ocrx_word' id='word_1_25' title='bbox 978 836 1398 899; x_wconf 84' lang='lat' dir='ltr'><strong>accusator</strong></span> <span class='ocrx_word' id='word_1_26' title='bbox 1447 875 1474 920; x_wconf 86' lang='lat'><strong>,</strong></span> <span class='ocrx_word' id='word_1_27' title='bbox 1540 834 1686 898; x_wconf 85' lang='lat' dir='ltr'><strong>aut</strong></span> <span class='ocrx_word' id='word_1_28' title='bbox 1723 820 1732 827; x_wconf 83' lang='grc'><strong><em>’</em></strong></span> <span class='ocrx_word' id='word_1_29' title='bbox 1769 813 1990 898; x_wconf 88' lang='lat' dir='ltr'><strong>testis</strong></span> <span class='ocrx_word' id='word_1_30' title='bbox 2042 808 2445 899; x_wconf 80' lang='lat' dir='ltr'><strong>adversus</strong></span> <span class='ocrx_word' id='word_1_31' title='bbox 2504 810 2909 896; x_wconf 86' lang='lat' dir='ltr'><strong>Fratrem.</strong></span> <span class='ocrx_word' id='word_1_32' title='bbox 2974 810 3250 898; x_wconf 76' lang='lat' dir='ltr'><strong>Potest</strong></span> <span class='ocrx_word' id='word_1_33' title='bbox 3325 829 3604 893; x_wconf 84' lang='lat' dir='ltr'><strong>tamen</strong></span> <span class='ocrx_word' id='word_1_34' title='bbox 3673 833 3797 887; x_wconf 88' lang='lat' dir='ltr'><strong>as·</strong></span> 
     </span>
     <span class='ocr_line' id='line_1_5' title="bbox 404 929 3796 1053; baseline -0.001 -41"><span class='ocrx_word' id='word_1_35' title='bbox 404 933 621 1015; x_wconf 90' lang='lat' dir='ltr'><strong>sumi</strong></span> <span class='ocrx_word' id='word_1_36' title='bbox 668 956 982 1019; x_wconf 86' lang='lat' dir='ltr'><strong>secreto</strong></span> <span class='ocrx_word' id='word_1_37' title='bbox 1035 963 1180 1045; x_wconf 92' lang='lat' dir='ltr'><strong>pro</strong></span> <span class='ocrx_word' id='word_1_38' title='bbox 1230 934 1506 1053; x_wconf 79' lang='lat' dir='ltr'><strong>aliqua</strong></span> <span class='ocrx_word' id='word_1_39' title='bbox 1566 929 2147 1019; x_wconf 74' lang='lat' dir='ltr'><strong>informatione</strong></span> <span class='ocrx_word' id='word_1_40' title='bbox 2196 936 2317 1020; x_wconf 83' lang='lat' dir='ltr'><strong>rei</strong></span> <span class='ocrx_word' id='word_1_41' title='bbox 2368 934 2891 1019; x_wconf 75' lang='lat' dir='ltr'><strong>necessariae.</strong></span> <span class='ocrx_word' id='word_1_42' title='bbox 2937 930 3319 1016; x_wconf 79' lang='lat' dir='ltr'><strong>Privatus</strong></span> <span class='ocrx_word' id='word_1_43' title='bbox 3364 954 3572 1012; x_wconf 88' lang='lat' dir='ltr'><strong>voce</strong></span> <span class='ocrx_word' id='word_1_44' title='bbox 3617 953 3796 1008; x_wconf 90' lang='lat' dir='ltr'><strong>om·</strong></span> 
     </span>
     <span class='ocr_line' id='line_1_6' title="bbox 405 1044 3793 1171; baseline -0.001 -38"><span class='ocrx_word' id='word_1_45' title='bbox 405 1050 740 1159; x_wconf 81' lang='lat' dir='ltr'><strong>nimoda</strong></span> <span class='ocrx_word' id='word_1_46' title='bbox 808 1053 1136 1138; x_wconf 88' lang='lat' dir='ltr'><strong>nullum</strong></span> <span class='ocrx_word' id='word_1_47' title='bbox 1188 1052 1562 1140; x_wconf 84' lang='lat' dir='ltr'><strong>Fratrem</strong></span> <span class='ocrx_word' id='word_1_48' title='bbox 1636 1054 1938 1167; x_wconf 86' lang='lat' dir='ltr'><strong>poterit</strong></span> <span class='ocrx_word' id='word_1_49' title='bbox 2010 1053 2383 1171; x_wconf 87' lang='lat' dir='ltr'><strong>alloqui,</strong></span> <span class='ocrx_word' id='word_1_50' title='bbox 2455 1053 2612 1136; x_wconf 90' lang='lat' dir='ltr'><strong>nisi</strong></span> <span class='ocrx_word' id='word_1_51' title='bbox 2659 1053 2886 1164; x_wconf 91' lang='lat' dir='ltr'><strong>prius</strong></span> <span class='ocrx_word' id='word_1_52' title='bbox 2934 1084 2979 1137; x_wconf 89' lang='lat' dir='ltr'><strong>a</strong></span> <span class='ocrx_word' id='word_1_53' title='bbox 3033 1049 3476 1162; x_wconf 87' lang='lat' dir='ltr'><strong>Superiore</strong></span> <span class='ocrx_word' id='word_1_54' title='bbox 3535 1044 3793 1129; x_wconf 86' lang='lat' dir='ltr'><strong>licen·</strong></span> 
     </span>
     <span class='ocr_line' id='line_1_7' title="bbox 413 1165 3796 1290; baseline -0.001 -40"><span class='ocrx_word' id='word_1_55' title='bbox 413 1171 519 1255; x_wconf 83' lang='lat' dir='ltr'><strong>tia</strong></span> <span class='ocrx_word' id='word_1_56' title='bbox 581 1178 832 1284; x_wconf 85' lang='lat' dir='ltr'><strong>petita</strong></span> <span class='ocrx_word' id='word_1_57' title='bbox 901 1203 1051 1287; x_wconf 86' lang='lat' dir='ltr'><strong>pro</strong></span> <span class='ocrx_word' id='word_1_58' title='bbox 1099 1172 1373 1290; x_wconf 89' lang='lat' dir='ltr'><strong>aliqua</strong></span> <span class='ocrx_word' id='word_1_59' title='bbox 1441 1205 1532 1259; x_wconf 89' lang='lat' dir='ltr'><strong>re</strong></span> <span class='ocrx_word' id='word_1_60' title='bbox 1595 1173 2070 1260; x_wconf 87' lang='lat' dir='ltr'><strong>necessaria.</strong></span> <span class='ocrx_word' id='word_1_61' title='bbox 2142 1173 2252 1258; x_wconf 92' lang='lat' dir='ltr'><strong>II.</strong></span> <span class='ocrx_word' id='word_1_62' title='bbox 2315 1173 2619 1258; x_wconf 87' lang='lat' dir='ltr'><strong>Nullus</strong></span> <span class='ocrx_word' id='word_1_63' title='bbox 2683 1170 2965 1256; x_wconf 86' lang='lat' dir='ltr'><strong>Abbas</strong></span> <span class='ocrx_word' id='word_1_64' title='bbox 3051 1166 3356 1256; x_wconf 79' lang='lat' dir='ltr'><strong>audeat</strong></span> <span class='ocrx_word' id='word_1_65' title='bbox 3420 1165 3796 1250; x_wconf 82' lang='lat' dir='ltr'><strong>Fratrem</strong></span> 
     </span>
     <span class='ocr_line' id='line_1_8' title="bbox 409 1284 3799 1409; baseline -0.001 -35"><span class='ocrx_word' id='word_1_66' title='bbox 409 1290 734 1402; x_wconf 86' lang='lat' dir='ltr'><strong>privare</strong></span> <span class='ocrx_word' id='word_1_67' title='bbox 785 1324 1043 1401; x_wconf 89' lang='lat' dir='ltr'><strong>voce,</strong></span> <span class='ocrx_word' id='word_1_68' title='bbox 1113 1296 1270 1379; x_wconf 85' lang='lat' dir='ltr'><strong>nisi</strong></span> <span class='ocrx_word' id='word_1_69' title='bbox 1320 1297 1403 1380; x_wconf 90' lang='lat' dir='ltr'><strong>in</strong></span> <span class='ocrx_word' id='word_1_70' title='bbox 1468 1294 1799 1379; x_wconf 81' lang='lat' dir='ltr'><strong>casibus</strong></span> <span class='ocrx_word' id='word_1_71' title='bbox 1838 1323 2078 1405; x_wconf 85' lang='lat' dir='ltr'><strong>supra</strong></span> <span class='ocrx_word' id='word_1_72' title='bbox 2129 1298 2414 1409; x_wconf 90' lang='lat' dir='ltr'><strong>positis</strong></span> <span class='ocrx_word' id='word_1_73' title='bbox 2461 1356 2486 1399; x_wconf 94' lang='lat'><strong>,</strong></span> <span class='ocrx_word' id='word_1_74' title='bbox 2552 1290 2807 1409; x_wconf 85' lang='lat' dir='ltr'><strong>idque</strong></span> <span class='ocrx_word' id='word_1_75' title='bbox 2869 1287 3249 1376; x_wconf 83' lang='lat' dir='ltr'><strong>adhibito</strong></span> <span class='ocrx_word' id='word_1_76' title='bbox 3302 1284 3655 1373; x_wconf 84' lang='lat' dir='ltr'><strong>consilio·</strong></span> <span class='ocrx_word' id='word_1_77' title='bbox 3712 1310 3799 1373; x_wconf 87' lang='lat' dir='ltr'><strong>et</strong></span> 
     </span>
     <span class='ocr_line' id='line_1_9' title="bbox 414 1412 3798 1518; baseline -0.002 -25"><span class='ocrx_word' id='word_1_78' title='bbox 414 1441 816 1496; x_wconf 88' lang='lat' dir='ltr'><strong>consensu</strong></span> <span class='ocrx_word' id='word_1_79' title='bbox 870 1414 1256 1499; x_wconf 85' lang='lat' dir='ltr'><strong>Fratrum</strong></span> <span class='ocrx_word' id='word_1_80' title='bbox 1323 1418 1763 1503; x_wconf 85' lang='lat' dir='ltr'><strong>seniorum.</strong></span> <span class='ocrx_word' id='word_1_81' title='bbox 1848 1412 1998 1497; x_wconf 89' lang='lat'><strong>111.</strong></span> <span class='ocrx_word' id='word_1_82' title='bbox 2068 1414 2455 1501; x_wconf 83' lang='lat' dir='ltr'><strong>Privatus</strong></span> <span class='ocrx_word' id='word_1_83' title='bbox 2497 1412 2703 1518; x_wconf 90' lang='lat' dir='ltr'><strong>loc0,</strong></span> <span class='ocrx_word' id='word_1_84' title='bbox 2773 1412 3163 1497; x_wconf 72' lang='lat' dir='ltr'><strong>ultimum</strong></span> <span class='ocrx_word' id='word_1_85' title='bbox 3217 1412 3497 1495; x_wconf 90' lang='lat' dir='ltr'><strong>locum</strong></span> <span class='ocrx_word' id='word_1_86' title='bbox 3547 1432 3798 1489; x_wconf 88' lang='lat' dir='ltr'><strong>occu·</strong></span> 
     </span>
     <span class='ocr_line' id='line_1_10' title="bbox 409 1519 3801 1649; baseline -0.003 -34"><span class='ocrx_word' id='word_1_87' title='bbox 409 1552 552 1641; x_wconf 88' lang='lat' dir='ltr'><strong>pet</strong></span> <span class='ocrx_word' id='word_1_88' title='bbox 601 1530 688 1615; x_wconf 88' lang='lat' dir='ltr'><strong>in</strong></span> <span class='ocrx_word' id='word_1_89' title='bbox 744 1532 1052 1639; x_wconf 84' lang='lat' dir='ltr'><strong>Chor0‚</strong></span> <span class='ocrx_word' id='word_1_90' title='bbox 1102 1534 1514 1640; x_wconf 78' lang='lat' dir='ltr'><strong>Ecclesia,</strong></span> <span class='ocrx_word' id='word_1_91' title='bbox 1544 1556 1631 1620; x_wconf 87' lang='lat' dir='ltr'><strong>et</strong></span> <span class='ocrx_word' id='word_1_92' title='bbox 1680 1531 2200 1622; x_wconf 83' lang='lat' dir='ltr'><strong>Refectorio:</strong></span> <span class='ocrx_word' id='word_1_93' title='bbox 2259 1530 2661 1621; x_wconf 79' lang='lat' dir='ltr'><strong>Sacerdos</strong></span> <span class='ocrx_word' id='word_1_94' title='bbox 2721 1528 3067 1649; x_wconf 78' lang='lat' dir='ltr'><strong>quidem</strong></span> <span class='ocrx_word' id='word_1_95' title='bbox 3127 1535 3348 1617; x_wconf 90' lang='lat' dir='ltr'><strong>inter</strong></span> <span class='ocrx_word' id='word_1_96' title='bbox 3380 1519 3801 1611; x_wconf 70' lang='lat' dir='ltr'><strong>Sacerdo-</strong></span> 
     </span>
     <span class='ocr_line' id='line_1_11' title="bbox 409 1647 3800 1768; baseline -0.003 -35"><span class='ocrx_word' id='word_1_97' title='bbox 409 1649 1041 1757; x_wconf 76' lang='lat' dir='ltr'><strong>tes,.Diaconus</strong></span> <span class='ocrx_word' id='word_1_98' title='bbox 1105 1656 1316 1739; x_wconf 86' lang='lat' dir='ltr'><strong>inter</strong></span> <span class='ocrx_word' id='word_1_99' title='bbox 1365 1655 1819 1760; x_wconf 74' lang='lat' dir='ltr'><strong>Diaconos,</strong></span> <span class='ocrx_word' id='word_1_100' title='bbox 1881 1680 1966 1742; x_wconf 91' lang='lat' dir='ltr'><strong>et</strong></span> <span class='ocrx_word' id='word_1_101' title='bbox 2011 1658 2128 1743; x_wconf 87' lang='lat' dir='ltr'><strong>sic</strong></span> <span class='ocrx_word' id='word_1_102' title='bbox 2177 1653 2591 1767; x_wconf 85' lang='lat' dir='ltr'><strong>deinceps.</strong></span> <span class='ocrx_word' id='word_1_103' title='bbox 2663 1653 2806 1734; x_wconf 90' lang='lat' dir='ltr'><strong>IV.</strong></span> <span class='ocrx_word' id='word_1_104' title='bbox 2876 1650 3048 1758; x_wconf 88' lang='lat' dir='ltr'><strong>Qui</strong></span> <span class='ocrx_word' id='word_1_105' title='bbox 3103 1680 3368 1768; x_wconf 85' lang='lat' dir='ltr'><strong>poena</strong></span> <span class='ocrx_word' id='word_1_106' title='bbox 3417 1647 3574 1733; x_wconf 86' lang='lat' dir='ltr'><strong>erit</strong></span> <span class='ocrx_word' id='word_1_107' title='bbox 3621 1672 3800 1727; x_wconf 85' lang='lat' dir='ltr'><strong>ma.</strong></span> 
     </span>
     <span class='ocr_line' id='line_1_12' title="bbox 408 1766 3889 1891; baseline -0.001 -40"><span class='ocrx_word' id='word_1_108' title='bbox 408 1771 565 1881; x_wconf 86' lang='lat' dir='ltr'><strong>jori</strong></span> <span class='ocrx_word' id='word_1_109' title='bbox 631 1767 965 1882; x_wconf 85' lang='lat' dir='ltr'><strong>dignus,</strong></span> <span class='ocrx_word' id='word_1_110' title='bbox 1016 1805 1266 1891; x_wconf 87' lang='lat' dir='ltr'><strong>quam</strong></span> <span class='ocrx_word' id='word_1_111' title='bbox 1324 1777 1428 1860; x_wconf 87' lang='lat' dir='ltr'><strong>sit</strong></span> <span class='ocrx_word' id='word_1_112' title='bbox 1474 1777 1831 1890; x_wconf 84' lang='lat' dir='ltr'><strong>privatio</strong></span> <span class='ocrx_word' id='word_1_113' title='bbox 1879 1776 2064 1877; x_wconf 84' lang='lat' dir='ltr'><strong>loci,</strong></span> <span class='ocrx_word' id='word_1_114' title='bbox 2111 1799 2262 1862; x_wconf 84' lang='lat' dir='ltr'><strong>aut</strong></span> <span class='ocrx_word' id='word_1_115' title='bbox 2308 1775 2545 1861; x_wconf 78' lang='lat' dir='ltr'><strong>vocis.</strong></span> <span class='ocrx_word' id='word_1_116' title='bbox 2598 1794 2929 1886; x_wconf 85' lang='lat' dir='ltr'><strong>propter</strong></span> <span class='ocrx_word' id='word_1_117' title='bbox 2976 1803 3210 1860; x_wconf 90' lang='lat' dir='ltr'><strong>suam</strong></span> <span class='ocrx_word' id='word_1_118' title='bbox 3263 1766 3798 1884; x_wconf 78' lang='lat' dir='ltr'><strong>proterviam,</strong></span> <span class='ocrx_word' id='word_1_119' title='bbox 3880 1836 3889 1847; x_wconf 94' lang='lat'><strong>.</strong></span> 
     </span>
     <span class='ocr_line' id='line_1_13' title="bbox 405 1881 3807 2012; baseline -0.004 -33"><span class='ocrx_word' id='word_1_120' title='bbox 405 1910 500 1979; x_wconf 79' lang='lat' dir='ltr'><strong>et</strong></span> <span class='ocrx_word' id='word_1_121' title='bbox 546 1895 1109 2001; x_wconf 82' lang='lat' dir='ltr'><strong>pravissimam</strong></span> <span class='ocrx_word' id='word_1_122' title='bbox 1175 1895 1504 2006; x_wconf 89' lang='lat' dir='ltr'><strong>culpam</strong></span> <span class='ocrx_word' id='word_1_123' title='bbox 1542 1959 1567 2003; x_wconf 95' lang='lat'><strong>,</strong></span> <span class='ocrx_word' id='word_1_124' title='bbox 1620 1899 1920 2012; x_wconf 89' lang='lat' dir='ltr'><strong>poterit</strong></span> <span class='ocrx_word' id='word_1_125' title='bbox 1981 1896 2537 2000; x_wconf 39' lang='lat' dir='ltr'><strong>Cucullcnet</strong></span> <span class='ocrx_word' id='word_1_126' title='bbox 2582 1891 2911 1978; x_wconf 87' lang='lat' dir='ltr'><strong>Corona</strong></span> <span class='ocrx_word' id='word_1_127' title='bbox 2963 1893 3296 2009; x_wconf 88' lang='lat' dir='ltr'><strong>privari,</strong></span> <span class='ocrx_word' id='word_1_128' title='bbox 3350 1911 3437 1974; x_wconf 87' lang='lat' dir='ltr'><strong>et</strong></span> <span class='ocrx_word' id='word_1_129' title='bbox 3483 1881 3588 1971; x_wconf 87' lang='lat' dir='ltr'><strong>ad</strong></span> <span class='ocrx_word' id='word_1_130' title='bbox 3642 1881 3807 1966; x_wconf 80' lang='lat' dir='ltr'><strong>ob-</strong></span> 
     </span>
     <span class='ocr_line' id='line_1_14' title="bbox 415 2002 3807 2128; baseline -0.002 -36"><span class='ocrx_word' id='word_1_131' title='bbox 415 2011 698 2125; x_wconf 87' lang='lat' dir='ltr'><strong>sequia</strong></span> <span class='ocrx_word' id='word_1_132' title='bbox 750 2010 1074 2098; x_wconf 81' lang='lat' dir='ltr'><strong>infirma</strong></span> <span class='ocrx_word' id='word_1_133' title='bbox 1131 2017 1217 2099; x_wconf 86' lang='lat' dir='ltr'><strong>in</strong></span> <span class='ocrx_word' id='word_1_134' title='bbox 1291 2014 1797 2103; x_wconf 86' lang='lat' dir='ltr'><strong>Mon—asterio</strong></span> <span class='ocrx_word' id='word_1_135' title='bbox 1843 2014 2231 2103; x_wconf 86' lang='lat' dir='ltr'><strong>destinari</strong></span> <span class='ocrx_word' id='word_1_136' title='bbox 2284 2080 2315 2124; x_wconf 85' lang='lat'><strong>,</strong></span> <span class='ocrx_word' id='word_1_137' title='bbox 2374 2036 2474 2102; x_wconf 86' lang='lat' dir='ltr'><strong>ut</strong></span> <span class='ocrx_word' id='word_1_138' title='bbox 2520 2009 2839 2101; x_wconf 87' lang='lat' dir='ltr'><strong>dietum</strong></span> <span class='ocrx_word' id='word_1_139' title='bbox 2890 2037 3015 2102; x_wconf 87' lang='lat' dir='ltr'><strong>est</strong></span> <span class='ocrx_word' id='word_1_140' title='bbox 3074 2043 3316 2128; x_wconf 88' lang='lat' dir='ltr'><strong>supra</strong></span> <span class='ocrx_word' id='word_1_141' title='bbox 3369 2009 3574 2121; x_wconf 89' lang='lat' dir='ltr'><strong>Cap.</strong></span> <span class='ocrx_word' id='word_1_142' title='bbox 3642 2002 3741 2088; x_wconf 89' lang='lat' dir='ltr'><strong>V.</strong></span> <span class='ocrx_word' id='word_1_143' title='bbox 3777 2063 3807 2105; x_wconf 89' lang='lat'><strong>,</strong></span> 
     </span>
    </p>
   </div>
   <div class='ocr_carea' id='block_1_2' title="bbox 415 2108 2480 2467">
    <p class='ocr_par' dir='ltr' id='par_1_2' title="bbox 415 2108 2480 2467">
     <span class='ocr_line' id='line_1_15' title="bbox 415 2108 1642 2242; baseline 0.007 -30"><span class='ocrx_word' id='word_1_144' title='bbox 415 2108 953 2240; x_wconf 48' lang='lat' dir='ltr'><strong>&#39;V1.,‚V11.,</strong></span> <span class='ocrx_word' id='word_1_145' title='bbox 1019 2133 1315 2242; x_wconf 78' lang='lat' dir='ltr'><strong>vm,</strong></span> <span class='ocrx_word' id='word_1_146' title='bbox 1381 2160 1467 2222; x_wconf 66' lang='lat' dir='ltr'><strong>er</strong></span> <span class='ocrx_word' id='word_1_147' title='bbox 1523 2136 1642 2221; x_wconf 86' lang='lat' dir='ltr'><strong>X.</strong></span> 
     </span>
     <span class='ocr_line' id='line_1_16' title="bbox 1736 2375 2480 2467; baseline -0.012 1"><span class='ocrx_word' id='word_1_148' title='bbox 1736 2375 1810 2467; x_wconf 84' lang='lat' dir='ltr'>c</span> <span class='ocrx_word' id='word_1_149' title='bbox 1871 2383 1947 2467; x_wconf 88' lang='lat' dir='ltr'>A</span> <span class='ocrx_word' id='word_1_150' title='bbox 2015 2379 2114 2463; x_wconf 86' lang='lat' dir='ltr'><strong>P.</strong></span> <span class='ocrx_word' id='word_1_151' title='bbox 2231 2376 2480 2461; x_wconf 82' lang='lat' dir='ltr'><strong>xm.</strong></span> 
     </span>
    </p>
   </div>
   <div class='ocr_carea' id='block_1_3' title="bbox 1076 2618 3126 2741">
    <p class='ocr_par' dir='ltr' id='par_1_3' title="bbox 1076 2618 3126 2741">
     <span class='ocr_line' id='line_1_17' title="bbox 1076 2618 3126 2741; baseline -0.002 -37"><span class='ocrx_word' id='word_1_152' title='bbox 1076 2619 1218 2704; x_wconf 87' lang='lat' dir='ltr'><strong>De</strong></span> <span class='ocrx_word' id='word_1_153' title='bbox 1262 2622 1796 2732; x_wconf 79' lang='lat' dir='ltr'><strong>suspensione</strong></span> <span class='ocrx_word' id='word_1_154' title='bbox 1826 2680 1852 2723; x_wconf 96' lang='lat'><strong>,</strong></span> <span class='ocrx_word' id='word_1_155' title='bbox 1903 2637 1986 2702; x_wconf 82' lang='lat' dir='ltr'><strong>et</strong></span> <span class='ocrx_word' id='word_1_156' title='bbox 2031 2618 2546 2735; x_wconf 80' lang='lat' dir='ltr'><strong>depositione</strong></span> <span class='ocrx_word' id='word_1_157' title='bbox 2604 2620 2712 2703; x_wconf 80' lang='lat' dir='ltr'><strong>ab</strong></span> <span class='ocrx_word' id='word_1_158' title='bbox 2788 2621 3126 2741; x_wconf 75' lang='lat' dir='ltr'><strong>Officio·</strong></span> 
     </span>
    </p>
   </div>
   <div class='ocr_carea' id='block_1_4' title="bbox 413 2841 3831 5730">
    <p class='ocr_par' dir='ltr' id='par_1_4' title="bbox 413 2841 3831 5730">
     <span class='ocr_line' id='line_1_18' title="bbox 551 2841 3821 2975; baseline 0.002 -44"><span class='ocrx_word' id='word_1_159' title='bbox 551 2850 614 2932; x_wconf 90' lang='grc' dir='ltr'><strong>Ι.</strong></span> <span class='ocrx_word' id='word_1_160' title='bbox 684 2851 973 2956; x_wconf 80' lang='lat' dir='ltr'><strong>Abbas</strong></span> <span class='ocrx_word' id='word_1_161' title='bbox 1024 2916 1049 2962; x_wconf 94' lang='lat'><strong>,</strong></span> <span class='ocrx_word' id='word_1_162' title='bbox 1110 2858 1258 2974; x_wconf 90' lang='lat' dir='ltr'><strong>qui</strong></span> <span class='ocrx_word' id='word_1_163' title='bbox 1321 2854 1857 2970; x_wconf 83' lang='lat' dir='ltr'><strong>suspenditur</strong></span> <span class='ocrx_word' id='word_1_164' title='bbox 1916 2858 2024 2944; x_wconf 88' lang='lat' dir='ltr'><strong>ab</strong></span> <span class='ocrx_word' id='word_1_165' title='bbox 2099 2855 2407 2947; x_wconf 86' lang='lat' dir='ltr'><strong>Officio</strong></span> <span class='ocrx_word' id='word_1_166' title='bbox 2457 2922 2482 2967; x_wconf 90' lang='lat'><strong>,</strong></span> <span class='ocrx_word' id='word_1_167' title='bbox 2549 2892 2695 2975; x_wconf 86' lang='lat' dir='ltr'><strong>per</strong></span> <span class='ocrx_word' id='word_1_168' title='bbox 2753 2860 2914 2957; x_wconf 81' lang='lat' dir='ltr'><strong>hoe</strong></span> <span class='ocrx_word' id='word_1_169' title='bbox 2981 2853 3369 2943; x_wconf 88' lang='lat' dir='ltr'><strong>inhabilis</strong></span> <span class='ocrx_word' id='word_1_170' title='bbox 3436 2841 3821 2939; x_wconf 82' lang='lat' dir='ltr'><strong>redditur</strong></span> 
     </span>
     <span class='ocr_line' id='line_1_19' title="bbox 433 2963 3815 3096; baseline 0.002 -46"><span class='ocrx_word' id='word_1_171' title='bbox 433 2963 538 3051; x_wconf 90' lang='lat' dir='ltr'><strong>ad</strong></span> <span class='ocrx_word' id='word_1_172' title='bbox 601 2967 811 3053; x_wconf 88' lang='lat' dir='ltr'><strong>illud</strong></span> <span class='ocrx_word' id='word_1_173' title='bbox 873 2974 1487 3078; x_wconf 85' lang='lat' dir='ltr'><strong>exercendum,</strong></span> <span class='ocrx_word' id='word_1_174' title='bbox 1549 3000 1635 3062; x_wconf 87' lang='lat' dir='ltr'><strong>et</strong></span> <span class='ocrx_word' id='word_1_175' title='bbox 1700 2979 2037 3092; x_wconf 87' lang='lat' dir='ltr'><strong>insuper</strong></span> <span class='ocrx_word' id='word_1_176' title='bbox 2097 3002 2457 3096; x_wconf 88' lang='lat' dir='ltr'><strong>utraque</strong></span> <span class='ocrx_word' id='word_1_177' title='bbox 2513 3011 2723 3069; x_wconf 83' lang='lat' dir='ltr'><strong>voce</strong></span> <span class='ocrx_word' id='word_1_178' title='bbox 2776 2978 3134 3067; x_wconf 75' lang='lat' dir='ltr'><strong>carebit.</strong></span> <span class='ocrx_word' id='word_1_179' title='bbox 3208 2975 3292 3058; x_wconf 85' lang='lat' dir='ltr'><strong>Si</strong></span> <span class='ocrx_word' id='word_1_180' title='bbox 3344 3003 3541 3061; x_wconf 91' lang='lat' dir='ltr'><strong>vero</strong></span> <span class='ocrx_word' id='word_1_181' title='bbox 3623 3001 3815 3085; x_wconf 88' lang='lat' dir='ltr'><strong>pro·</strong></span> 
     </span>
     <span class='ocr_line' id='line_1_20' title="bbox 429 3087 3814 3214; baseline 0.002 -44"><span class='ocrx_word' id='word_1_182' title='bbox 429 3108 658 3175; x_wconf 89' lang='lat' dir='ltr'><strong>terve</strong></span> <span class='ocrx_word' id='word_1_183' title='bbox 745 3087 1149 3181; x_wconf 85' lang='lat' dir='ltr'><strong>Officium</strong></span> <span class='ocrx_word' id='word_1_184' title='bbox 1233 3098 1762 3204; x_wconf 82' lang='lat' dir='ltr'><strong>exercuerit,</strong></span> <span class='ocrx_word' id='word_1_185' title='bbox 1825 3095 2158 3211; x_wconf 83' lang='lat' dir='ltr'><strong>procedi</strong></span> <span class='ocrx_word' id='word_1_186' title='bbox 2210 3097 2463 3187; x_wconf 85' lang='lat' dir='ltr'><strong>debet</strong></span> <span class='ocrx_word' id='word_1_187' title='bbox 2534 3098 2641 3187; x_wconf 88' lang='lat' dir='ltr'><strong>ad</strong></span> <span class='ocrx_word' id='word_1_188' title='bbox 2691 3097 3289 3214; x_wconf 84' lang='lat' dir='ltr'><strong>depositionem</strong></span> <span class='ocrx_word' id='word_1_189' title='bbox 3338 3158 3367 3198; x_wconf 88' lang='lat'><strong>,</strong></span> <span class='ocrx_word' id='word_1_190' title='bbox 3431 3114 3514 3178; x_wconf 89' lang='lat' dir='ltr'><strong>et</strong></span> <span class='ocrx_word' id='word_1_191' title='bbox 3588 3089 3814 3178; x_wconf 84' lang='lat' dir='ltr'><strong>inha-</strong></span> 
     </span>
     <span class='ocr_line' id='line_1_21' title="bbox 413 3207 3817 3336; baseline 0.001 -43"><span class='ocrx_word' id='word_1_192' title='bbox 413 3207 625 3301; x_wconf 67' lang='lat' dir='ltr'><strong>‚bilis</strong></span> <span class='ocrx_word' id='word_1_193' title='bbox 677 3210 1054 3299; x_wconf 88' lang='lat' dir='ltr'><strong>redditur</strong></span> <span class='ocrx_word' id='word_1_194' title='bbox 1098 3247 1244 3328; x_wconf 90' lang='lat' dir='ltr'><strong>per</strong></span> <span class='ocrx_word' id='word_1_195' title='bbox 1292 3218 1962 3336; x_wconf 88' lang='lat' dir='ltr'><strong>quinquennium</strong></span> <span class='ocrx_word' id='word_1_196' title='bbox 2027 3221 2108 3303; x_wconf 90' lang='lat' dir='ltr'><strong>in</strong></span> <span class='ocrx_word' id='word_1_197' title='bbox 2190 3249 2445 3305; x_wconf 90' lang='lat' dir='ltr'><strong>omne</strong></span> <span class='ocrx_word' id='word_1_198' title='bbox 2509 3216 2911 3305; x_wconf 85' lang='lat' dir='ltr'><strong>Officium</strong></span> <span class='ocrx_word' id='word_1_199' title='bbox 2950 3280 2972 3325; x_wconf 90' lang='lat'><strong>,</strong></span> <span class='ocrx_word' id='word_1_200' title='bbox 3053 3239 3137 3303; x_wconf 91' lang='lat' dir='ltr'><strong>et</strong></span> <span class='ocrx_word' id='word_1_201' title='bbox 3195 3237 3544 3330; x_wconf 87' lang='lat' dir='ltr'><strong>utraque</strong></span> <span class='ocrx_word' id='word_1_202' title='bbox 3610 3239 3817 3298; x_wconf 89' lang='lat' dir='ltr'><strong>voce</strong></span> 
     </span>
     <span class='ocr_line' id='line_1_22' title="bbox 430 3330 3811 3451; baseline -0 -33"><span class='ocrx_word' id='word_1_203' title='bbox 430 3363 579 3445; x_wconf 91' lang='lat' dir='ltr'><strong>per</strong></span> <span class='ocrx_word' id='word_1_204' title='bbox 629 3335 1042 3444; x_wconf 86' lang='lat' dir='ltr'><strong>integrum</strong></span> <span class='ocrx_word' id='word_1_205' title='bbox 1092 3364 1406 3421; x_wconf 87' lang='lat' dir='ltr'><strong>annum</strong></span> <span class='ocrx_word' id='word_1_206' title='bbox 1476 3336 1810 3421; x_wconf 84' lang='lat' dir='ltr'><strong>carebit.</strong></span> <span class='ocrx_word' id='word_1_207' title='bbox 1879 3337 1988 3420; x_wconf 85' lang='lat'><strong>11.</strong></span> <span class='ocrx_word' id='word_1_208' title='bbox 2058 3337 2230 3445; x_wconf 82' lang='lat' dir='ltr'><strong>Qui</strong></span> <span class='ocrx_word' id='word_1_209' title='bbox 2283 3335 2730 3451; x_wconf 86' lang='lat' dir='ltr'><strong>deponitur</strong></span> <span class='ocrx_word' id='word_1_210' title='bbox 2805 3338 2911 3424; x_wconf 91' lang='lat' dir='ltr'><strong>ab</strong></span> <span class='ocrx_word' id='word_1_211' title='bbox 2952 3334 3299 3425; x_wconf 44' lang='lat' dir='ltr'><strong>*Officio</strong></span> <span class='ocrx_word' id='word_1_212' title='bbox 3336 3397 3360 3439; x_wconf 92' lang='lat'><strong>,</strong></span> <span class='ocrx_word' id='word_1_213' title='bbox 3445 3363 3588 3447; x_wconf 90' lang='lat' dir='ltr'><strong>per</strong></span> <span class='ocrx_word' id='word_1_214' title='bbox 3647 3330 3811 3417; x_wconf 86' lang='lat' dir='ltr'><strong>hoc</strong></span> 
     </span>
     <span class='ocr_line' id='line_1_23' title="bbox 432 3447 3814 3574; baseline -0.001 -36"><span class='ocrx_word' id='word_1_215' title='bbox 432 3455 805 3569; x_wconf 86' lang='lat' dir='ltr'><strong>privatur</strong></span> <span class='ocrx_word' id='word_1_216' title='bbox 857 3484 1019 3541; x_wconf 90' lang='lat' dir='ltr'><strong>non</strong></span> <span class='ocrx_word' id='word_1_217' title='bbox 1074 3457 1338 3541; x_wconf 89' lang='lat' dir='ltr'><strong>solum</strong></span> <span class='ocrx_word' id='word_1_218' title='bbox 1398 3485 1498 3539; x_wconf 90' lang='lat' dir='ltr'><strong>eo</strong></span> <span class='ocrx_word' id='word_1_219' title='bbox 1548 3453 1884 3561; x_wconf 84' lang='lat' dir='ltr'><strong>Officio,</strong></span> <span class='ocrx_word' id='word_1_220' title='bbox 1935 3455 2165 3574; x_wconf 89' lang='lat' dir='ltr'><strong>quod</strong></span> <span class='ocrx_word' id='word_1_221' title='bbox 2213 3461 2486 3543; x_wconf 87' lang='lat' dir='ltr'><strong>statim</strong></span> <span class='ocrx_word' id='word_1_222' title='bbox 2537 3460 2766 3545; x_wconf 87' lang='lat' dir='ltr'><strong>alteri</strong></span> <span class='ocrx_word' id='word_1_223' title='bbox 2820 3457 3227 3544; x_wconf 86' lang='lat' dir='ltr'><strong>committi</strong></span> <span class='ocrx_word' id='word_1_224' title='bbox 3290 3451 3604 3562; x_wconf 72' lang='lat' dir='ltr'><strong>debet,</strong></span> <span class='ocrx_word' id='word_1_225' title='bbox 3666 3447 3814 3537; x_wconf 91' lang='lat' dir='ltr'><strong>sed</strong></span> 
     </span>
     <span class='ocr_line' id='line_1_24' title="bbox 436 3568 3818 3686; baseline -0.001 -27"><span class='ocrx_word' id='word_1_226' title='bbox 436 3576 680 3659; x_wconf 82' lang='lat' dir='ltr'><strong>etiam</strong></span> <span class='ocrx_word' id='word_1_227' title='bbox 734 3579 1294 3685; x_wconf 85' lang='lat' dir='ltr'><strong>voce‘activa,</strong></span> <span class='ocrx_word' id='word_1_228' title='bbox 1338 3598 1423 3659; x_wconf 89' lang='lat' dir='ltr'><strong>et</strong></span> <span class='ocrx_word' id='word_1_229' title='bbox 1471 3578 1780 3686; x_wconf 82' lang='lat' dir='ltr'><strong>passiva</strong></span> <span class='ocrx_word' id='word_1_230' title='bbox 1835 3607 1981 3686; x_wconf 85' lang='lat' dir='ltr'><strong>per</strong></span> <span class='ocrx_word' id='word_1_231' title='bbox 2027 3608 2340 3662; x_wconf 87' lang='lat' dir='ltr'><strong>annum</strong></span> <span class='ocrx_word' id='word_1_232' title='bbox 2405 3579 2738 3664; x_wconf 86' lang='lat' dir='ltr'><strong>carebit.</strong></span> <span class='ocrx_word' id='word_1_233' title='bbox 2795 3577 2951 3662; x_wconf 85' lang='lat' dir='ltr'><strong>Ill.</strong></span> <span class='ocrx_word' id='word_1_234' title='bbox 3011 3574 3279 3673; x_wconf 46' lang='lat' dir='ltr'><strong>Solus„</strong></span> <span class='ocrx_word' id='word_1_235' title='bbox 3311 3575 3603 3658; x_wconf 87' lang='lat' dir='ltr'><strong>Abbas</strong></span> <span class='ocrx_word' id='word_1_236' title='bbox 3650 3568 3818 3656; x_wconf 89' lang='lat' dir='ltr'><strong>Ge-</strong></span> 
     </span>
     <span class='ocr_line' id='line_1_25' title="bbox 438 3686 3817 3813; baseline -0.001 -34"><span class='ocrx_word' id='word_1_237' title='bbox 438 3696 736 3780; x_wconf 86' lang='lat' dir='ltr'><strong>neralis</strong></span> <span class='ocrx_word' id='word_1_238' title='bbox 786 3724 978 3780; x_wconf 89' lang='lat' dir='ltr'><strong>cum</strong></span> <span class='ocrx_word' id='word_1_239' title='bbox 1047 3693 1705 3806; x_wconf 84' lang='lat' dir='ltr'><strong>Congregatione</strong></span> <span class='ocrx_word' id='word_1_240' title='bbox 1783 3693 2461 3805; x_wconf 84' lang='lat' dir='ltr'><strong>Hegumenorum</strong></span> <span class='ocrx_word' id='word_1_241' title='bbox 2516 3695 3015 3813; x_wconf 87' lang='lat' dir='ltr'><strong>suspendere</strong></span> <span class='ocrx_word' id='word_1_242' title='bbox 3067 3715 3386 3809; x_wconf 89' lang='lat' dir='ltr'><strong>potest,</strong></span> <span class='ocrx_word' id='word_1_243' title='bbox 3464 3714 3608 3779; x_wconf 87' lang='lat' dir='ltr'><strong>aut</strong></span> <span class='ocrx_word' id='word_1_244' title='bbox 3671 3686 3817 3776; x_wconf 81' lang='lat' dir='ltr'><strong>de·</strong></span> 
     </span>
     <span class='ocr_line' id='line_1_26' title="bbox 437 3812 3812 3931; baseline -0.002 -29"><span class='ocrx_word' id='word_1_245' title='bbox 437 3822 747 3931; x_wconf 85' lang='lat' dir='ltr'><strong>ponere</strong></span> <span class='ocrx_word' id='word_1_246' title='bbox 793 3812 1409 3924; x_wconf 85' lang='lat' dir='ltr'><strong>Hegumenum,</strong></span> <span class='ocrx_word' id='word_1_247' title='bbox 1473 3836 1554 3901; x_wconf 92' lang='lat' dir='ltr'><strong>et</strong></span> <span class='ocrx_word' id='word_1_248' title='bbox 1605 3813 2022 3904; x_wconf 88' lang='lat' dir='ltr'><strong>Abbatem</strong></span> <span class='ocrx_word' id='word_1_249' title='bbox 2073 3817 2609 3923; x_wconf 86' lang='lat' dir='ltr'><strong>Provinciae,</strong></span> <span class='ocrx_word' id='word_1_250' title='bbox 2676 3850 2771 3904; x_wconf 89' lang='lat' dir='ltr'><strong>ac</strong></span> <span class='ocrx_word' id='word_1_251' title='bbox 2824 3816 3329 3903; x_wconf 88' lang='lat' dir='ltr'><strong>Monasterii.</strong></span> <span class='ocrx_word' id='word_1_252' title='bbox 3389 3812 3812 3904; x_wconf 85' lang='lat' dir='ltr'><strong>Abbatem</strong></span> 
     </span>
     <span class='ocr_line' id='line_1_27' title="bbox 436 3931 3816 4051; baseline -0.002 -29"><span class='ocrx_word' id='word_1_253' title='bbox 436 3966 638 4022; x_wconf 90' lang='lat' dir='ltr'><strong>vero</strong></span> <span class='ocrx_word' id='word_1_254' title='bbox 686 3933 1178 4021; x_wconf 89' lang='lat' dir='ltr'><strong>Generalem</strong></span> <span class='ocrx_word' id='word_1_255' title='bbox 1229 3931 1787 4049; x_wconf 80' lang='lat' dir='ltr'><strong>suspendere,</strong></span> <span class='ocrx_word' id='word_1_256' title='bbox 1849 3967 1944 4020; x_wconf 89' lang='lat' dir='ltr'><strong>ac</strong></span> <span class='ocrx_word' id='word_1_257' title='bbox 1992 3935 2410 4050; x_wconf 82' lang='lat' dir='ltr'><strong>deponere</strong></span> <span class='ocrx_word' id='word_1_258' title='bbox 2458 3968 2626 4022; x_wconf 86' lang='lat' dir='ltr'><strong>non</strong></span> <span class='ocrx_word' id='word_1_259' title='bbox 2682 3959 2987 4051; x_wconf 85' lang='lat' dir='ltr'><strong>potest,</strong></span> <span class='ocrx_word' id='word_1_260' title='bbox 3058 3937 3211 4021; x_wconf 88' lang='lat' dir='ltr'><strong>nisi</strong></span> <span class='ocrx_word' id='word_1_261' title='bbox 3261 3933 3816 4043; x_wconf 72' lang='lat' dir='ltr'><strong>congregatio</strong></span> 
     </span>
     <span class='ocr_line' id='line_1_28' title="bbox 440 4050 3819 4166; baseline -0.002 -24"><span class='ocrx_word' id='word_1_262' title='bbox 440 4053 894 4142; x_wconf 87' lang='lat' dir='ltr'><strong>Generalis.</strong></span> <span class='ocrx_word' id='word_1_263' title='bbox 951 4053 1101 4136; x_wconf 85' lang='lat' dir='ltr'><strong>IV.</strong></span> <span class='ocrx_word' id='word_1_264' title='bbox 1152 4055 1325 4162; x_wconf 88' lang='lat' dir='ltr'><strong>Qui</strong></span> <span class='ocrx_word' id='word_1_265' title='bbox 1377 4074 1698 4164; x_wconf 86' lang='lat' dir='ltr'><strong>praeter</strong></span> <span class='ocrx_word' id='word_1_266' title='bbox 1751 4054 2162 4142; x_wconf 82' lang='lat' dir='ltr'><strong>Abbatem</strong></span> <span class='ocrx_word' id='word_1_267' title='bbox 2225 4053 2751 4163; x_wconf 83' lang='lat' dir='ltr'><strong>Generalem,</strong></span> <span class='ocrx_word' id='word_1_268' title='bbox 2821 4056 3349 4166; x_wconf 85' lang='lat' dir='ltr'><strong>Hegumenos</strong></span> <span class='ocrx_word' id='word_1_269' title='bbox 3397 4115 3423 4158; x_wconf 96' lang='lat'><strong>,</strong></span> <span class='ocrx_word' id='word_1_270' title='bbox 3488 4074 3571 4137; x_wconf 86' lang='lat' dir='ltr'><strong>et</strong></span> <span class='ocrx_word' id='word_1_271' title='bbox 3642 4050 3819 4135; x_wconf 82' lang='lat' dir='ltr'><strong>Ab·</strong></span> 
     </span>
     <span class='ocr_line' id='line_1_29' title="bbox 441 4167 3822 4288; baseline -0.001 -27"><span class='ocrx_word' id='word_1_272' title='bbox 441 4177 673 4261; x_wconf 85' lang='lat' dir='ltr'><strong>bates</strong></span> <span class='ocrx_word' id='word_1_273' title='bbox 743 4172 1253 4279; x_wconf 83' lang='lat' dir='ltr'><strong>Provinciae,</strong></span> <span class='ocrx_word' id='word_1_274' title='bbox 1303 4172 1435 4259; x_wconf 90' lang='lat' dir='ltr'><strong>vel</strong></span> <span class='ocrx_word' id='word_1_275' title='bbox 1487 4171 2173 4259; x_wconf 83' lang='lat' dir='ltr'><strong>Monasteriorum</strong></span> <span class='ocrx_word' id='word_1_276' title='bbox 2225 4175 2331 4261; x_wconf 87' lang='lat' dir='ltr'><strong>ab</strong></span> <span class='ocrx_word' id='word_1_277' title='bbox 2389 4172 2699 4262; x_wconf 83' lang='lat' dir='ltr'><strong>Officio</strong></span> <span class='ocrx_word' id='word_1_278' title='bbox 2760 4172 3425 4288; x_wconf 86' lang='lat' dir='ltr'><strong>suspenduntur,</strong></span> <span class='ocrx_word' id='word_1_279' title='bbox 3491 4168 3628 4259; x_wconf 82' lang='lat' dir='ltr'><strong>vel</strong></span> <span class='ocrx_word' id='word_1_280' title='bbox 3677 4167 3822 4256; x_wconf 87' lang='lat' dir='ltr'><strong>de·</strong></span> 
     </span>
     <span class='ocr_line' id='line_1_30' title="bbox 443 4288 3825 4412; baseline -0.002 -31"><span class='ocrx_word' id='word_1_281' title='bbox 443 4288 933 4412; x_wconf 61' lang='lat' dir='ltr'><strong>ponuntur‘,</strong></span> <span class='ocrx_word' id='word_1_282' title='bbox 1002 4323 1164 4378; x_wconf 89' lang='lat' dir='ltr'><strong>non</strong></span> <span class='ocrx_word' id='word_1_283' title='bbox 1220 4291 1536 4379; x_wconf 89' lang='lat' dir='ltr'><strong>idcirco</strong></span> <span class='ocrx_word' id='word_1_284' title='bbox 1578 4322 1787 4376; x_wconf 91' lang='lat' dir='ltr'><strong>voce</strong></span> <span class='ocrx_word' id='word_1_285' title='bbox 1833 4294 2407 4405; x_wconf 88' lang='lat' dir='ltr'><strong>privabuntur,</strong></span> <span class='ocrx_word' id='word_1_286' title='bbox 2462 4299 2617 4381; x_wconf 87' lang='lat' dir='ltr'><strong>nisi</strong></span> <span class='ocrx_word' id='word_1_287' title='bbox 2670 4300 2750 4383; x_wconf 88' lang='lat' dir='ltr'><strong>in</strong></span> <span class='ocrx_word' id='word_1_288' title='bbox 2806 4297 3133 4408; x_wconf 87' lang='lat' dir='ltr'><strong>culpam</strong></span> <span class='ocrx_word' id='word_1_289' title='bbox 3187 4295 3689 4405; x_wconf 82' lang='lat' dir='ltr'><strong>graviorem,</strong></span> <span class='ocrx_word' id='word_1_290' title='bbox 3740 4311 3825 4377; x_wconf 88' lang='lat' dir='ltr'><strong>et</strong></span> 
     </span>
     <span class='ocr_line' id='line_1_31' title="bbox 446 4407 3823 4528; baseline -0.002 -27"><span class='ocrx_word' id='word_1_291' title='bbox 446 4416 1003 4528; x_wconf 82' lang='lat' dir='ltr'><strong>gravissimam</strong></span> <span class='ocrx_word' id='word_1_292' title='bbox 1058 4411 1564 4500; x_wconf 85' lang='lat' dir='ltr'><strong>incidissent.</strong></span> <span class='ocrx_word' id='word_1_293' title='bbox 1626 4411 1737 4495; x_wconf 86' lang='lat' dir='ltr'><strong>V.</strong></span> <span class='ocrx_word' id='word_1_294' title='bbox 1800 4411 2069 4500; x_wconf 87' lang='lat' dir='ltr'><strong>Nemo</strong></span> <span class='ocrx_word' id='word_1_295' title='bbox 2143 4446 2240 4500; x_wconf 87' lang='lat' dir='ltr'><strong>ex</strong></span> <span class='ocrx_word' id='word_1_296' title='bbox 2308 4415 2775 4501; x_wconf 85' lang='lat' dir='ltr'><strong>Abbatibus</strong></span> <span class='ocrx_word' id='word_1_297' title='bbox 2825 4412 3271 4526; x_wconf 88' lang='lat' dir='ltr'><strong>suspendi,</strong></span> <span class='ocrx_word' id='word_1_298' title='bbox 3323 4432 3466 4497; x_wconf 90' lang='lat' dir='ltr'><strong>aut</strong></span> <span class='ocrx_word' id='word_1_299' title='bbox 3514 4407 3823 4524; x_wconf 89' lang='lat' dir='ltr'><strong>deponi</strong></span> 
     </span>
     <span class='ocr_line' id='line_1_32' title="bbox 446 4528 3825 4652; baseline -0.002 -31"><span class='ocrx_word' id='word_1_300' title='bbox 446 4534 701 4623; x_wconf 90' lang='lat' dir='ltr'><strong>debet</strong></span> <span class='ocrx_word' id='word_1_301' title='bbox 734 4596 760 4639; x_wconf 96' lang='lat'><strong>,</strong></span> <span class='ocrx_word' id='word_1_302' title='bbox 829 4534 976 4618; x_wconf 89' lang='lat' dir='ltr'><strong>nisi</strong></span> <span class='ocrx_word' id='word_1_303' title='bbox 1031 4533 1142 4618; x_wconf 93' lang='lat' dir='ltr'><strong>ob</strong></span> <span class='ocrx_word' id='word_1_304' title='bbox 1194 4533 1552 4647; x_wconf 88' lang='lat' dir='ltr'><strong>eulpam,</strong></span> <span class='ocrx_word' id='word_1_305' title='bbox 1617 4528 1723 4616; x_wconf 88' lang='lat' dir='ltr'><strong>de</strong></span> <span class='ocrx_word' id='word_1_306' title='bbox 1773 4564 1934 4652; x_wconf 89' lang='lat' dir='ltr'><strong>qua</strong></span> <span class='ocrx_word' id='word_1_307' title='bbox 1985 4564 2254 4647; x_wconf 88' lang='lat' dir='ltr'><strong>supra.</strong></span> <span class='ocrx_word' id='word_1_308' title='bbox 2319 4535 2468 4618; x_wconf 81' lang='lat' dir='ltr'><strong>Vl.</strong></span> <span class='ocrx_word' id='word_1_309' title='bbox 2525 4538 2609 4621; x_wconf 90' lang='lat' dir='ltr'><strong>Si</strong></span> <span class='ocrx_word' id='word_1_310' title='bbox 2662 4532 3053 4621; x_wconf 88' lang='lat' dir='ltr'><strong>acciderit</strong></span> <span class='ocrx_word' id='word_1_311' title='bbox 3101 4528 3438 4649; x_wconf 83' lang='lat' dir='ltr'><strong>aliquod</strong></span> <span class='ocrx_word' id='word_1_312' title='bbox 3488 4561 3582 4616; x_wconf 80' lang='lat' dir='ltr'><strong>ex</strong></span> <span class='ocrx_word' id='word_1_313' title='bbox 3638 4559 3825 4643; x_wconf 87' lang='lat' dir='ltr'><strong>pee-</strong></span> 
     </span>
     <span class='ocr_line' id='line_1_33' title="bbox 448 4646 3828 4775; baseline -0.003 -33"><span class='ocrx_word' id='word_1_314' title='bbox 448 4658 648 4742; x_wconf 86' lang='lat' dir='ltr'><strong>catis</strong></span> <span class='ocrx_word' id='word_1_315' title='bbox 696 4654 734 4775; x_wconf 89' lang='lat'>(</span> <span class='ocrx_word' id='word_1_316' title='bbox 771 4675 1083 4740; x_wconf 86' lang='lat' dir='ltr'><strong>avertat</strong></span> <span class='ocrx_word' id='word_1_317' title='bbox 1132 4650 1216 4737; x_wconf 88' lang='lat' dir='ltr'><strong>id</strong></span> <span class='ocrx_word' id='word_1_318' title='bbox 1274 4653 1573 4767; x_wconf 89' lang='lat' dir='ltr'><strong>Deus)</strong></span> <span class='ocrx_word' id='word_1_319' title='bbox 1609 4682 1826 4767; x_wconf 88' lang='lat' dir='ltr'><strong>quae</strong></span> <span class='ocrx_word' id='word_1_320' title='bbox 1870 4648 2299 4741; x_wconf 84' lang='lat' dir='ltr'><strong>sufficiunt</strong></span> <span class='ocrx_word' id='word_1_321' title='bbox 2329 4650 2455 4739; x_wconf 79' lang='lat' dir='ltr'><strong>,ad</strong></span> <span class='ocrx_word' id='word_1_322' title='bbox 2504 4655 2922 4742; x_wconf 89' lang='lat' dir='ltr'><strong>Abbatem</strong></span> <span class='ocrx_word' id='word_1_323' title='bbox 2974 4651 3465 4739; x_wconf 84' lang='lat' dir='ltr'><strong>Generalem</strong></span> <span class='ocrx_word' id='word_1_324' title='bbox 3519 4650 3627 4734; x_wconf 87' lang='lat' dir='ltr'><strong>ab</strong></span> <span class='ocrx_word' id='word_1_325' title='bbox 3677 4646 3828 4734; x_wconf 86' lang='lat' dir='ltr'><strong>Of·</strong></span> 
     </span>
     <span class='ocr_line' id='line_1_34' title="bbox 451 4766 3823 4890; baseline -0.001 -30"><span class='ocrx_word' id='word_1_326' title='bbox 451 4774 642 4860; x_wconf 86' lang='lat' dir='ltr'><strong>ficio</strong></span> <span class='ocrx_word' id='word_1_327' title='bbox 712 4770 1390 4889; x_wconf 85' lang='lat' dir='ltr'><strong>suspendendum</strong></span> <span class='ocrx_word' id='word_1_328' title='bbox 1419 4832 1448 4877; x_wconf 88' lang='lat'>‚</span> <span class='ocrx_word' id='word_1_329' title='bbox 1496 4771 1635 4858; x_wconf 86' lang='lat' dir='ltr'><strong>vel</strong></span> <span class='ocrx_word' id='word_1_330' title='bbox 1682 4770 2179 4884; x_wconf 85' lang='lat' dir='ltr'><strong>privandum</strong></span> <span class='ocrx_word' id='word_1_331' title='bbox 2223 4808 2248 4856; x_wconf 75' lang='grc' dir='ltr'><strong><em>ε</em></strong></span> <span class='ocrx_word' id='word_1_332' title='bbox 2292 4772 2537 4858; x_wconf 88' lang='lat' dir='ltr'><strong>simul</strong></span> <span class='ocrx_word' id='word_1_333' title='bbox 2589 4796 2839 4890; x_wconf 89' lang='lat' dir='ltr'><strong>atque</strong></span> <span class='ocrx_word' id='word_1_334' title='bbox 2883 4805 3032 4888; x_wconf 91' lang='lat' dir='ltr'><strong>per</strong></span> <span class='ocrx_word' id='word_1_335' title='bbox 3084 4772 3541 4859; x_wconf 88' lang='lat' dir='ltr'><strong>testimonia</strong></span> <span class='ocrx_word' id='word_1_336' title='bbox 3592 4766 3823 4855; x_wconf 85' lang='lat' dir='ltr'><strong>suffi-</strong></span> 
     </span>
     <span class='ocr_line' id='line_1_35' title="bbox 453 4888 3826 5010; baseline -0.001 -30"><span class='ocrx_word' id='word_1_337' title='bbox 453 4896 751 4980; x_wconf 85' lang='lat' dir='ltr'><strong>cientia</strong></span> <span class='ocrx_word' id='word_1_338' title='bbox 782 4957 815 5010; x_wconf 76' lang='lat'><strong>,</strong></span> <span class='ocrx_word' id='word_1_339' title='bbox 874 4894 1007 4980; x_wconf 90' lang='lat' dir='ltr'><strong>vel</strong></span> <span class='ocrx_word' id='word_1_340' title='bbox 1061 4895 1319 5005; x_wconf 84' lang='lat' dir='ltr'><strong>ipsius</strong></span> <span class='ocrx_word' id='word_1_341' title='bbox 1370 4888 1998 4997; x_wconf 84' lang='lat' dir='ltr'><strong>confessionem,</strong></span> <span class='ocrx_word' id='word_1_342' title='bbox 2049 4915 2194 4978; x_wconf 89' lang='lat' dir='ltr'><strong>aut</strong></span> <span class='ocrx_word' id='word_1_343' title='bbox 2239 4891 2429 4980; x_wconf 79' lang='lat' dir='ltr'><strong>facti</strong></span> <span class='ocrx_word' id='word_1_344' title='bbox 2483 4897 3053 4981; x_wconf 85' lang='lat' dir='ltr'><strong>notorietatem</strong></span> <span class='ocrx_word' id='word_1_345' title='bbox 3104 4892 3585 4995; x_wconf 86' lang='lat' dir='ltr'><strong>constiterit,</strong></span> <span class='ocrx_word' id='word_1_346' title='bbox 3624 4920 3826 5008; x_wconf 85' lang='lat' dir='ltr'><strong>qua·</strong></span> 
     </span>
     <span class='ocr_line' id='line_1_36' title="bbox 454 5011 3826 5125; baseline -0.001 -25"><span class='ocrx_word' id='word_1_347' title='bbox 454 5037 644 5100; x_wconf 89' lang='lat' dir='ltr'><strong>tuor</strong></span> <span class='ocrx_word' id='word_1_348' title='bbox 702 5013 1172 5125; x_wconf 85' lang='lat' dir='ltr'><strong>Hegumeni</strong></span> <span class='ocrx_word' id='word_1_349' title='bbox 1227 5043 1390 5097; x_wconf 89' lang='lat' dir='ltr'><strong>una</strong></span> <span class='ocrx_word' id='word_1_350' title='bbox 1445 5012 1912 5122; x_wconf 78' lang='lat' dir='ltr'><strong>congregati</strong></span> <span class='ocrx_word' id='word_1_351' title='bbox 1973 5042 2142 5097; x_wconf 86' lang='lat' dir='ltr'><strong>rem</strong></span> <span class='ocrx_word' id='word_1_352' title='bbox 2181 5075 2211 5118; x_wconf 91' lang='lat'><strong>,</strong></span> <span class='ocrx_word' id='word_1_353' title='bbox 2260 5011 2534 5101; x_wconf 89' lang='lat' dir='ltr'><strong>donec</strong></span> <span class='ocrx_word' id='word_1_354' title='bbox 2578 5015 2875 5100; x_wconf 87' lang='lat' dir='ltr'><strong>veritas</strong></span> <span class='ocrx_word' id='word_1_355' title='bbox 2927 5014 3376 5117; x_wconf 88' lang='lat' dir='ltr'><strong>elucescat,</strong></span> <span class='ocrx_word' id='word_1_356' title='bbox 3431 5032 3826 5095; x_wconf 90' lang='lat' dir='ltr'><strong>secretam</strong></span> 
     </span>
     <span class='ocr_line' id='line_1_37' title="bbox 454 5128 3829 5242; baseline -0.001 -23"><span class='ocrx_word' id='word_1_357' title='bbox 454 5157 853 5221; x_wconf 88' lang='lat' dir='ltr'><strong>tenentes.</strong></span> <span class='ocrx_word' id='word_1_358' title='bbox 908 5131 1656 5242; x_wconf 84' lang='lat' dir='ltr'><strong>Congregationem</strong></span> <span class='ocrx_word' id='word_1_359' title='bbox 1728 5130 2224 5218; x_wconf 88' lang='lat' dir='ltr'><strong>Generalem</strong></span> <span class='ocrx_word' id='word_1_360' title='bbox 2276 5132 2706 5217; x_wconf 86' lang='lat' dir='ltr'><strong>Abbatum</strong></span> <span class='ocrx_word' id='word_1_361' title='bbox 2757 5132 3378 5220; x_wconf 80' lang='lat' dir='ltr'><strong>provinciarum</strong></span> <span class='ocrx_word' id='word_1_362' title='bbox 3418 5193 3442 5236; x_wconf 92' lang='lat'><strong>,</strong></span> <span class='ocrx_word' id='word_1_363' title='bbox 3512 5142 3597 5215; x_wconf 86' lang='lat' dir='ltr'><strong>et</strong></span> <span class='ocrx_word' id='word_1_364' title='bbox 3644 5128 3829 5214; x_wconf 92' lang='lat' dir='ltr'><strong>Mo-</strong></span> 
     </span>
     <span class='ocr_line' id='line_1_38' title="bbox 459 5247 3829 5368; baseline -0.001 -29"><span class='ocrx_word' id='word_1_365' title='bbox 459 5256 1028 5357; x_wconf 88' lang='lat' dir='ltr'><strong>nasteriorum,</strong></span> <span class='ocrx_word' id='word_1_366' title='bbox 1085 5252 1341 5338; x_wconf 86' lang='lat' dir='ltr'><strong>literis</strong></span> <span class='ocrx_word' id='word_1_367' title='bbox 1403 5250 1783 5337; x_wconf 88' lang='lat' dir='ltr'><strong>omnium</strong></span> <span class='ocrx_word' id='word_1_368' title='bbox 1829 5248 2439 5368; x_wconf 82' lang='lat' dir='ltr'><strong>subscriptione</strong></span> <span class='ocrx_word' id='word_1_369' title='bbox 2483 5254 2817 5364; x_wconf 72' lang='lat' dir='ltr'><strong>signatis</strong></span> <span class='ocrx_word' id='word_1_370' title='bbox 2869 5248 3451 5339; x_wconf 87' lang='lat' dir='ltr'><strong>convocabunt</strong></span> <span class='ocrx_word' id='word_1_371' title='bbox 3486 5310 3511 5355; x_wconf 92' lang='lat'><strong>,</strong></span> <span class='ocrx_word' id='word_1_372' title='bbox 3562 5270 3658 5334; x_wconf 87' lang='lat' dir='ltr'><strong>ut</strong></span> <span class='ocrx_word' id='word_1_373' title='bbox 3704 5247 3829 5335; x_wconf 88' lang='lat' dir='ltr'><strong>di-</strong></span> 
     </span>
     <span class='ocr_line' id='line_1_39' title="bbox 457 5367 3826 5486; baseline -0.001 -28"><span class='ocrx_word' id='word_1_374' title='bbox 457 5398 683 5459; x_wconf 89' lang='lat' dir='ltr'><strong>ctum</strong></span> <span class='ocrx_word' id='word_1_375' title='bbox 737 5396 857 5460; x_wconf 89' lang='lat' dir='ltr'><strong>est</strong></span> <span class='ocrx_word' id='word_1_376' title='bbox 904 5403 1147 5486; x_wconf 89' lang='lat' dir='ltr'><strong>supra</strong></span> <span class='ocrx_word' id='word_1_377' title='bbox 1199 5372 1445 5459; x_wconf 77' lang='lat' dir='ltr'><strong>Parte</strong></span> <span class='ocrx_word' id='word_1_378' title='bbox 1499 5368 1660 5455; x_wconf 78' lang='grc' dir='ltr'><strong>ΙΙΙ.</strong></span> <span class='ocrx_word' id='word_1_379' title='bbox 1708 5367 1914 5483; x_wconf 89' lang='lat' dir='ltr'><strong>Cap.</strong></span> <span class='ocrx_word' id='word_1_380' title='bbox 1963 5368 2116 5455; x_wconf 86' lang='lat' dir='ltr'><strong>IV.</strong></span> <span class='ocrx_word' id='word_1_381' title='bbox 2165 5403 2397 5459; x_wconf 88' lang='lat' dir='ltr'><strong>num.</strong></span> <span class='ocrx_word' id='word_1_382' title='bbox 2455 5370 2562 5455; x_wconf 89' lang='lat'><strong>11.</strong></span> <span class='ocrx_word' id='word_1_383' title='bbox 2618 5372 2704 5457; x_wconf 90' lang='lat' dir='ltr'><strong>Si</strong></span> <span class='ocrx_word' id='word_1_384' title='bbox 2754 5402 2957 5460; x_wconf 89' lang='lat' dir='ltr'><strong>vero</strong></span> <span class='ocrx_word' id='word_1_385' title='bbox 3004 5403 3129 5460; x_wconf 88' lang='lat' dir='ltr'><strong>res</strong></span> <span class='ocrx_word' id='word_1_386' title='bbox 3191 5368 3609 5483; x_wconf 84' lang='lat' dir='ltr'><strong>divulgata</strong></span> <span class='ocrx_word' id='word_1_387' title='bbox 3660 5433 3687 5476; x_wconf 94' lang='lat'><strong>,</strong></span> <span class='ocrx_word' id='word_1_388' title='bbox 3740 5391 3826 5457; x_wconf 90' lang='lat' dir='ltr'><strong>et</strong></span> 
     </span>
     <span class='ocr_line' id='line_1_40' title="bbox 460 5489 3831 5606; baseline -0.001 -28"><span class='ocrx_word' id='word_1_389' title='bbox 460 5491 887 5581; x_wconf 80' lang='lat' dir='ltr'><strong>manifesta</strong></span> <span class='ocrx_word' id='word_1_390' title='bbox 935 5514 1202 5598; x_wconf 82' lang='lat' dir='ltr'><strong>esset,</strong></span> <span class='ocrx_word' id='word_1_391' title='bbox 1256 5522 1422 5578; x_wconf 86' lang='lat' dir='ltr'><strong>non</strong></span> <span class='ocrx_word' id='word_1_392' title='bbox 1490 5511 1906 5604; x_wconf 82' lang='lat' dir='ltr'><strong>expectata</strong></span> <span class='ocrx_word' id='word_1_393' title='bbox 1973 5489 2656 5606; x_wconf 81' lang='lat' dir='ltr'><strong>Hegumenorum</strong></span> <span class='ocrx_word' id='word_1_394' title='bbox 2719 5493 3311 5579; x_wconf 86' lang='lat' dir='ltr'><strong>convocatione</strong></span> <span class='ocrx_word' id='word_1_395' title='bbox 3363 5553 3389 5597; x_wconf 96' lang='lat'><strong>,</strong></span> <span class='ocrx_word' id='word_1_396' title='bbox 3456 5489 3831 5576; x_wconf 85' lang='lat' dir='ltr'><strong>Abbates</strong></span> 
     </span>
     <span class='ocr_line' id='line_1_41' title="bbox 462 5608 3821 5730; baseline -0.001 -32"><span class='ocrx_word' id='word_1_397' title='bbox 462 5615 829 5703; x_wconf 90' lang='lat' dir='ltr'><strong>locorum</strong></span> <span class='ocrx_word' id='word_1_398' title='bbox 859 5675 885 5723; x_wconf 95' lang='lat'><strong>,</strong></span> <span class='ocrx_word' id='word_1_399' title='bbox 949 5636 1032 5701; x_wconf 92' lang='lat' dir='ltr'><strong>et</strong></span> <span class='ocrx_word' id='word_1_400' title='bbox 1081 5611 1705 5705; x_wconf 81' lang='lat' dir='ltr'><strong>Provinciarum</strong></span> <span class='ocrx_word' id='word_1_401' title='bbox 1756 5608 1896 5730; x_wconf 75' lang='lat' dir='ltr'><strong>alii</strong></span> <span class='ocrx_word' id='word_1_402' title='bbox 1946 5610 2148 5699; x_wconf 88' lang='lat' dir='ltr'><strong>alios</strong></span> <span class='ocrx_word' id='word_1_403' title='bbox 2213 5609 2613 5703; x_wconf 86' lang='lat' dir='ltr'><strong>vocando·</strong></span> <span class='ocrx_word' id='word_1_404' title='bbox 2655 5614 3179 5703; x_wconf 86' lang='lat' dir='ltr'><strong>conveniant.</strong></span> <span class='ocrx_word' id='word_1_405' title='bbox 3266 5612 3385 5699; x_wconf 86' lang='lat' dir='ltr'><strong>Et</strong></span> <span class='ocrx_word' id='word_1_406' title='bbox 3457 5612 3821 5727; x_wconf 89' lang='lat' dir='ltr'><strong>primum</strong></span> 
     </span>
    </p>
   </div>
   <div class='ocr_carea' id='block_1_5' title="bbox 3236 5762 3277 5791">
    <p class='ocr_par' dir='ltr' id='par_1_5' title="bbox 3236 5762 3277 5791">
     <span class='ocr_line' id='line_1_42' title="bbox 3236 5762 3277 5791; baseline 0 -2"><span class='ocrx_word' id='word_1_407' title='bbox 3236 5762 3277 5791; x_wconf 51' lang='lat' dir='ltr'>Q</span> 
     </span>
    </p>
   </div>
  </div>
 </body>
</html>
