<?xml version="1.0" encoding="UTF-8"?>
<!DOCTYPE html PUBLIC "-//W3C//DTD XHTML 1.0 Transitional//EN"
    "http://www.w3.org/TR/xhtml1/DTD/xhtml1-transitional.dtd">
<html xmlns="http://www.w3.org/1999/xhtml" xml:lang="en" lang="en">
 <head>
  <title>
</title>
<meta http-equiv="Content-Type" content="text/html;charset=utf-8" />
  <meta name='ocr-system' content='tesseract 3.04.00' />
  <meta name='ocr-capabilities' content='ocr_page ocr_carea ocr_par ocr_line ocrx_word'/>
</head>
<body>
  <div class='ocr_page' id='page_1' title='image "./bullariumpontif00fidegoog_0398.png"; bbox 0 0 4834 6409; ppageno 0'>
   <div class='ocr_carea' id='block_1_1' title="bbox 1107 465 1284 556">
    <p class='ocr_par' dir='ltr' id='par_1_1' title="bbox 1107 465 1284 556">
     <span class='ocr_line' id='line_1_1' title="bbox 1107 465 1284 556; baseline 0.011 -1"><span class='ocrx_word' id='word_1_1' title='bbox 1107 465 1284 556; x_wconf 86' lang='lat'><strong>386</strong></span> 
     </span>
    </p>
   </div>
   <div class='ocr_carea' id='block_1_2' title="bbox 1082 587 4569 3114">
    <p class='ocr_par' dir='ltr' id='par_1_2' title="bbox 1082 587 4569 3114">
     <span class='ocr_line' id='line_1_2' title="bbox 1105 587 4469 705; baseline 0 -31"><span class='ocrx_word' id='word_1_2' title='bbox 1105 587 1628 692; x_wconf 86' lang='lat' dir='ltr'><strong>Dominicae,</strong></span> <span class='ocrx_word' id='word_1_3' title='bbox 1689 609 1774 674; x_wconf 86' lang='lat' dir='ltr'><strong>et</strong></span> <span class='ocrx_word' id='word_1_4' title='bbox 1829 589 2463 700; x_wconf 81' lang='lat' dir='ltr'><strong>genuflexiones.</strong></span> <span class='ocrx_word' id='word_1_5' title='bbox 2534 591 2674 675; x_wconf 90' lang='lat' dir='ltr'><strong>IV.</strong></span> <span class='ocrx_word' id='word_1_6' title='bbox 2734 588 3085 679; x_wconf 80' lang='lat' dir='ltr'>Gravior</span> <span class='ocrx_word' id='word_1_7' title='bbox 3134 588 3375 705; x_wconf 83' lang='lat' dir='ltr'><strong>culpa</strong></span> <span class='ocrx_word' id='word_1_8' title='bbox 3426 612 3588 696; x_wconf 85' lang='lat' dir='ltr'><strong>est,</strong></span> <span class='ocrx_word' id='word_1_9' title='bbox 3640 590 3719 675; x_wconf 67' lang='lat' dir='ltr'><strong>si.</strong></span> <span class='ocrx_word' id='word_1_10' title='bbox 3758 614 4189 705; x_wconf 84' lang='lat' dir='ltr'><strong>peccatum</strong></span> <span class='ocrx_word' id='word_1_11' title='bbox 4244 618 4469 677; x_wconf 88' lang='lat' dir='ltr'><strong>mor·</strong></span> 
     </span>
     <span class='ocr_line' id='line_1_3' title="bbox 1089 705 4470 828; baseline -0 -31"><span class='ocrx_word' id='word_1_12' title='bbox 1089 710 1280 797; x_wconf 76' lang='lat' dir='ltr'><strong>,tale</strong></span> <span class='ocrx_word' id='word_1_13' title='bbox 1334 705 1762 795; x_wconf 85' lang='lat' dir='ltr'><strong>manifeste</strong></span> <span class='ocrx_word' id='word_1_14' title='bbox 1810 714 2314 797; x_wconf 84' lang='lat' dir='ltr'><strong>commiserit</strong></span> <span class='ocrx_word' id='word_1_15' title='bbox 2374 736 2658 798; x_wconf 87' lang='lat' dir='ltr'><strong>contra</strong></span> <span class='ocrx_word' id='word_1_16' title='bbox 2707 733 3234 828; x_wconf 87' lang='lat' dir='ltr'><strong>praeceptum</strong></span> <span class='ocrx_word' id='word_1_17' title='bbox 3285 709 3504 817; x_wconf 82' lang='lat' dir='ltr'><strong>Dei,</strong></span> <span class='ocrx_word' id='word_1_18' title='bbox 3560 712 3691 797; x_wconf 84' lang='lat' dir='ltr'><strong>vel</strong></span> <span class='ocrx_word' id='word_1_19' title='bbox 3740 709 4189 817; x_wconf 76' lang='lat' dir='ltr'><strong>Ecclesiae,</strong></span> <span class='ocrx_word' id='word_1_20' title='bbox 4238 742 4470 825; x_wconf 88' lang='lat' dir='ltr'><strong>prae·</strong></span> 
     </span>
     <span class='ocr_line' id='line_1_4' title="bbox 1082 825 4467 948; baseline -0.001 -32"><span class='ocrx_word' id='word_1_21' title='bbox 1082 852 1511 917; x_wconf 62' lang='lat' dir='ltr'><strong>ter-casus</strong></span> <span class='ocrx_word' id='word_1_22' title='bbox 1568 825 1777 915; x_wconf 83' lang='lat' dir='ltr'><strong>infra</strong></span> <span class='ocrx_word' id='word_1_23' title='bbox 1844 831 2446 937; x_wconf 83' lang='lat' dir='ltr'><strong>recensendos,</strong></span> <span class='ocrx_word' id='word_1_24' title='bbox 2510 865 2701 919; x_wconf 90' lang='lat' dir='ltr'><strong>cum</strong></span> <span class='ocrx_word' id='word_1_25' title='bbox 2778 833 2884 920; x_wconf 91' lang='lat' dir='ltr'><strong>de</strong></span> <span class='ocrx_word' id='word_1_26' title='bbox 2958 834 3423 945; x_wconf 85' lang='lat' dir='ltr'><strong>gravissima</strong></span> <span class='ocrx_word' id='word_1_27' title='bbox 3490 833 3731 948; x_wconf 86' lang='lat' dir='ltr'><strong>culpa</strong></span> <span class='ocrx_word' id='word_1_28' title='bbox 3794 861 4063 916; x_wconf 86' lang='lat' dir='ltr'><strong>sermo</strong></span> <span class='ocrx_word' id='word_1_29' title='bbox 4138 836 4313 918; x_wconf 89' lang='lat' dir='ltr'><strong>erit.</strong></span> <span class='ocrx_word' id='word_1_30' title='bbox 4380 830 4467 914; x_wconf 80' lang='lat' dir='ltr'><strong>Si</strong></span> 
     </span>
     <span class='ocr_line' id='line_1_5' title="bbox 1101 951 4469 1065; baseline -0 -30"><span class='ocrx_word' id='word_1_31' title='bbox 1101 954 1525 1041; x_wconf 77' lang='lat' dir='ltr'><strong>scienset</strong></span> <span class='ocrx_word' id='word_1_32' title='bbox 1601 951 1882 1037; x_wconf 89' lang='lat' dir='ltr'><strong>volens</strong></span> <span class='ocrx_word' id='word_1_33' title='bbox 1944 960 2436 1038; x_wconf 88' lang='lat' dir='ltr'><strong>sententiam</strong></span> <span class='ocrx_word' id='word_1_34' title='bbox 2503 955 3371 1041; x_wconf 83' lang='lat' dir='ltr'><strong>excommunicationis</strong></span> <span class='ocrx_word' id='word_1_35' title='bbox 3419 1016 3444 1059; x_wconf 93' lang='lat'><strong>,</strong></span> <span class='ocrx_word' id='word_1_36' title='bbox 3514 975 3658 1037; x_wconf 89' lang='lat' dir='ltr'><strong>aut</strong></span> <span class='ocrx_word' id='word_1_37' title='bbox 3741 953 4292 1065; x_wconf 83' lang='lat' dir='ltr'><strong>suspensionis</strong></span> <span class='ocrx_word' id='word_1_38' title='bbox 4341 952 4469 1035; x_wconf 88' lang='lat' dir='ltr'><strong>in-</strong></span> 
     </span>
     <span class='ocr_line' id='line_1_6' title="bbox 1103 1069 4467 1188; baseline -0 -31"><span class='ocrx_word' id='word_1_39' title='bbox 1103 1074 1473 1160; x_wconf 86' lang='lat' dir='ltr'><strong>currerit.</strong></span> <span class='ocrx_word' id='word_1_40' title='bbox 1541 1073 1622 1155; x_wconf 78' lang='lat' dir='ltr'><strong>Si</strong></span> <span class='ocrx_word' id='word_1_41' title='bbox 1673 1074 1937 1157; x_wconf 88' lang='lat' dir='ltr'><strong>sciens</strong></span> <span class='ocrx_word' id='word_1_42' title='bbox 1988 1103 2071 1154; x_wconf 91' lang='lat' dir='ltr'><strong>se</strong></span> <span class='ocrx_word' id='word_1_43' title='bbox 2137 1105 2308 1158; x_wconf 91' lang='lat' dir='ltr'><strong>esse</strong></span> <span class='ocrx_word' id='word_1_44' title='bbox 2371 1079 3226 1177; x_wconf 81' lang='lat' dir='ltr'><strong>excommunicatum,</strong></span> <span class='ocrx_word' id='word_1_45' title='bbox 3305 1076 3443 1159; x_wconf 91' lang='lat' dir='ltr'><strong>vel</strong></span> <span class='ocrx_word' id='word_1_46' title='bbox 3510 1102 4038 1188; x_wconf 87' lang='lat' dir='ltr'><strong>suspensum,</strong></span> <span class='ocrx_word' id='word_1_47' title='bbox 4102 1069 4467 1158; x_wconf 88' lang='lat' dir='ltr'><strong>celebra-</strong></span> 
     </span>
     <span class='ocr_line' id='line_1_7' title="bbox 1102 1189 4465 1301; baseline 0.001 -28"><span class='ocrx_word' id='word_1_48' title='bbox 1102 1194 1315 1278; x_wconf 86' lang='lat' dir='ltr'><strong>verit</strong></span> <span class='ocrx_word' id='word_1_49' title='bbox 1359 1257 1386 1301; x_wconf 85' lang='lat'><em>‚</em></span> <span class='ocrx_word' id='word_1_50' title='bbox 1434 1190 1567 1277; x_wconf 89' lang='lat' dir='ltr'><strong>vel</strong></span> <span class='ocrx_word' id='word_1_51' title='bbox 1617 1195 1701 1276; x_wconf 88' lang='lat' dir='ltr'><strong>in</strong></span> <span class='ocrx_word' id='word_1_52' title='bbox 1763 1195 1928 1276; x_wconf 85' lang='lat' dir='ltr'><strong>suis</strong></span> <span class='ocrx_word' id='word_1_53' title='bbox 2005 1190 2466 1279; x_wconf 79' lang='lat' dir='ltr'><strong>Ordinibus</strong></span> <span class='ocrx_word' id='word_1_54' title='bbox 2529 1197 3129 1283; x_wconf 83' lang='lat' dir='ltr'><strong>ministraverit.</strong></span> <span class='ocrx_word' id='word_1_55' title='bbox 3184 1194 3269 1277; x_wconf 89' lang='lat' dir='ltr'><strong>Si</strong></span> <span class='ocrx_word' id='word_1_56' title='bbox 3324 1196 3721 1279; x_wconf 88' lang='lat' dir='ltr'><strong>rationem</strong></span> <span class='ocrx_word' id='word_1_57' title='bbox 3789 1189 3955 1277; x_wconf 90' lang='lat' dir='ltr'><strong>dati</strong></span> <span class='ocrx_word' id='word_1_58' title='bbox 4010 1255 4034 1298; x_wconf 94' lang='lat'><strong>,</strong></span> <span class='ocrx_word' id='word_1_59' title='bbox 4094 1216 4184 1278; x_wconf 89' lang='lat' dir='ltr'><strong>et</strong></span> <span class='ocrx_word' id='word_1_60' title='bbox 4235 1223 4465 1278; x_wconf 80' lang='lat' dir='ltr'><strong>acce·</strong></span> 
     </span>
     <span class='ocr_line' id='line_1_8' title="bbox 1102 1309 4471 1436; baseline 0.001 -40"><span class='ocrx_word' id='word_1_61' title='bbox 1102 1315 1222 1425; x_wconf 90' lang='lat' dir='ltr'><strong>pti</strong></span> <span class='ocrx_word' id='word_1_62' title='bbox 1272 1314 1354 1398; x_wconf 91' lang='lat' dir='ltr'><strong>in</strong></span> <span class='ocrx_word' id='word_1_63' title='bbox 1399 1311 1612 1397; x_wconf 89' lang='lat' dir='ltr'><strong>libro</strong></span> <span class='ocrx_word' id='word_1_64' title='bbox 1639 1309 2104 1399; x_wconf 78' lang='lat' dir='ltr'><strong>describere</strong></span> <span class='ocrx_word' id='word_1_65' title='bbox 2157 1314 2617 1424; x_wconf 79' lang='lat' dir='ltr'><strong>neglexerit.</strong></span> <span class='ocrx_word' id='word_1_66' title='bbox 2663 1318 2744 1400; x_wconf 90' lang='lat' dir='ltr'><strong>Si</strong></span> <span class='ocrx_word' id='word_1_67' title='bbox 2786 1347 3035 1436; x_wconf 88' lang='lat' dir='ltr'><strong>quem</strong></span> <span class='ocrx_word' id='word_1_68' title='bbox 3088 1313 3516 1400; x_wconf 86' lang='lat' dir='ltr'><strong>Novitium</strong></span> <span class='ocrx_word' id='word_1_69' title='bbox 3568 1311 3986 1398; x_wconf 81' lang='lat' dir='ltr'><strong>admiserit</strong></span> <span class='ocrx_word' id='word_1_70' title='bbox 4035 1344 4196 1398; x_wconf 89' lang='lat' dir='ltr'><strong>nou</strong></span> <span class='ocrx_word' id='word_1_71' title='bbox 4240 1342 4471 1427; x_wconf 75' lang='lat' dir='ltr'><strong>prae·</strong></span> 
     </span>
     <span class='ocr_line' id='line_1_9' title="bbox 1089 1431 4569 1548; baseline 0 -33"><span class='ocrx_word' id='word_1_72' title='bbox 1089 1434 1242 1517; x_wconf 90' lang='lat' dir='ltr'><strong>·vio</strong></span> <span class='ocrx_word' id='word_1_73' title='bbox 1288 1434 1681 1519; x_wconf 68' lang='lat' dir='ltr'><strong>examine.</strong></span> <span class='ocrx_word' id='word_1_74' title='bbox 1739 1434 1824 1517; x_wconf 91' lang='lat' dir='ltr'><strong>Si</strong></span> <span class='ocrx_word' id='word_1_75' title='bbox 1889 1437 2218 1519; x_wconf 90' lang='lat' dir='ltr'><strong>nomina</strong></span> <span class='ocrx_word' id='word_1_76' title='bbox 2269 1435 2792 1521; x_wconf 87' lang='lat' dir='ltr'><strong>Novitiorum</strong></span> <span class='ocrx_word' id='word_1_77' title='bbox 2827 1501 2859 1541; x_wconf 88' lang='lat'><strong>,</strong></span> <span class='ocrx_word' id='word_1_78' title='bbox 2910 1460 2992 1524; x_wconf 90' lang='lat' dir='ltr'><strong>et</strong></span> <span class='ocrx_word' id='word_1_79' title='bbox 3052 1431 3612 1519; x_wconf 79' lang='lat' dir='ltr'><strong>professorum</strong></span> <span class='ocrx_word' id='word_1_80' title='bbox 3678 1438 3840 1518; x_wconf 86' lang='lat' dir='ltr'><strong>non</strong></span> <span class='ocrx_word' id='word_1_81' title='bbox 3920 1431 4463 1548; x_wconf 79' lang='lat' dir='ltr'><strong>descripserit.</strong></span> <span class='ocrx_word' id='word_1_82' title='bbox 4542 1494 4569 1505; x_wconf 78' lang='lat'><em>-</em></span> 
     </span>
     <span class='ocr_line' id='line_1_10' title="bbox 1091 1552 4457 1660; baseline -0.001 -20"><span class='ocrx_word' id='word_1_83' title='bbox 1091 1556 1194 1640; x_wconf 84' lang='lat' dir='ltr'><strong>-Si</strong></span> <span class='ocrx_word' id='word_1_84' title='bbox 1233 1553 1564 1641; x_wconf 77' lang='lat' dir='ltr'><strong>‚Abbati</strong></span> <span class='ocrx_word' id='word_1_85' title='bbox 1617 1553 2000 1640; x_wconf 87' lang='lat' dir='ltr'><strong>Generali</strong></span> <span class='ocrx_word' id='word_1_86' title='bbox 2040 1617 2064 1659; x_wconf 91' lang='lat'><strong>,</strong></span> <span class='ocrx_word' id='word_1_87' title='bbox 2154 1578 2296 1639; x_wconf 85' lang='lat' dir='ltr'><strong>aut</strong></span> <span class='ocrx_word' id='word_1_88' title='bbox 2344 1557 2652 1641; x_wconf 85' lang='lat' dir='ltr'><strong>Abbati</strong></span> <span class='ocrx_word' id='word_1_89' title='bbox 2707 1558 3245 1659; x_wconf 77' lang='lat' dir='ltr'><strong>Provinciae,</strong></span> <span class='ocrx_word' id='word_1_90' title='bbox 3296 1552 3401 1639; x_wconf 90' lang='lat' dir='ltr'><strong>de</strong></span> <span class='ocrx_word' id='word_1_91' title='bbox 3438 1579 3673 1640; x_wconf 79' lang='lat' dir='ltr'><strong>statu</strong></span> <span class='ocrx_word' id='word_1_92' title='bbox 3724 1556 3850 1638; x_wconf 89' lang='lat' dir='ltr'><strong>sui</strong></span> <span class='ocrx_word' id='word_1_93' title='bbox 3903 1555 4375 1643; x_wconf 87' lang='lat' dir='ltr'><strong>Monasterii</strong></span> <span class='ocrx_word' id='word_1_94' title='bbox 4428 1617 4457 1660; x_wconf 91' lang='lat'><strong>,</strong></span> 
     </span>
     <span class='ocr_line' id='line_1_11' title="bbox 1102 1669 4465 1791; baseline 0.001 -34"><span class='ocrx_word' id='word_1_95' title='bbox 1102 1695 1245 1757; x_wconf 87' lang='lat' dir='ltr'><strong>aut</strong></span> <span class='ocrx_word' id='word_1_96' title='bbox 1310 1673 1790 1760; x_wconf 83' lang='lat' dir='ltr'><strong>Provinciae</strong></span> <span class='ocrx_word' id='word_1_97' title='bbox 1840 1704 2003 1759; x_wconf 89' lang='lat' dir='ltr'><strong>non</strong></span> <span class='ocrx_word' id='word_1_98' title='bbox 2074 1677 2479 1789; x_wconf 88' lang='lat' dir='ltr'><strong>scripserit</strong></span> <span class='ocrx_word' id='word_1_99' title='bbox 2528 1741 2556 1780; x_wconf 90' lang='lat'><strong>,</strong></span> <span class='ocrx_word' id='word_1_100' title='bbox 2608 1701 2702 1761; x_wconf 91' lang='lat' dir='ltr'><strong>ut</strong></span> <span class='ocrx_word' id='word_1_101' title='bbox 2758 1669 3007 1791; x_wconf 62' lang='lat' dir='ltr'><strong>&#39;supra</strong></span> <span class='ocrx_word' id='word_1_102' title='bbox 3066 1705 3220 1762; x_wconf 89' lang='lat' dir='ltr'><strong>suo</strong></span> <span class='ocrx_word' id='word_1_103' title='bbox 3293 1675 3477 1761; x_wconf 91' lang='lat' dir='ltr'><strong>loco</strong></span> <span class='ocrx_word' id='word_1_104' title='bbox 3551 1672 3869 1760; x_wconf 87' lang='lat' dir='ltr'><strong>dictum</strong></span> <span class='ocrx_word' id='word_1_105' title='bbox 3930 1698 4076 1758; x_wconf 88' lang='lat' dir='ltr'><strong>est.</strong></span> <span class='ocrx_word' id='word_1_106' title='bbox 4145 1675 4232 1758; x_wconf 92' lang='lat' dir='ltr'><strong>Si</strong></span> <span class='ocrx_word' id='word_1_107' title='bbox 4282 1673 4465 1759; x_wconf 91' lang='lat' dir='ltr'><strong>Mo-</strong></span> 
     </span>
     <span class='ocr_line' id='line_1_12' title="bbox 1104 1789 4459 1905; baseline 0.001 -29"><span class='ocrx_word' id='word_1_108' title='bbox 1104 1789 1462 1877; x_wconf 88' lang='lat' dir='ltr'><strong>nachum</strong></span> <span class='ocrx_word' id='word_1_109' title='bbox 1527 1790 1633 1878; x_wconf 91' lang='lat' dir='ltr'><strong>de</strong></span> <span class='ocrx_word' id='word_1_110' title='bbox 1681 1824 1830 1879; x_wconf 90' lang='lat' dir='ltr'><strong>suo</strong></span> <span class='ocrx_word' id='word_1_111' title='bbox 1879 1794 2376 1880; x_wconf 86' lang='lat' dir='ltr'><strong>Monasterio</strong></span> <span class='ocrx_word' id='word_1_112' title='bbox 2428 1799 2509 1879; x_wconf 91' lang='lat' dir='ltr'><strong>in</strong></span> <span class='ocrx_word' id='word_1_113' title='bbox 2578 1795 2803 1881; x_wconf 87' lang='lat' dir='ltr'><strong>aliud</strong></span> <span class='ocrx_word' id='word_1_114' title='bbox 2856 1801 3037 1882; x_wconf 89' lang='lat' dir='ltr'><strong>sine</strong></span> <span class='ocrx_word' id='word_1_115' title='bbox 3080 1826 3313 1882; x_wconf 84' lang='lat' dir='ltr'><strong>causa</strong></span> <span class='ocrx_word' id='word_1_116' title='bbox 3356 1857 3380 1901; x_wconf 93' lang='lat'><strong>,</strong></span> <span class='ocrx_word' id='word_1_117' title='bbox 3445 1819 3529 1881; x_wconf 90' lang='lat' dir='ltr'><strong>et</strong></span> <span class='ocrx_word' id='word_1_118' title='bbox 3577 1798 3753 1879; x_wconf 89' lang='lat' dir='ltr'><strong>sine</strong></span> <span class='ocrx_word' id='word_1_119' title='bbox 3804 1793 4459 1905; x_wconf 87' lang='lat' dir='ltr'><strong>Congregatione</strong></span> 
     </span>
     <span class='ocr_line' id='line_1_13' title="bbox 1100 1910 4466 2026; baseline 0.001 -31"><span class='ocrx_word' id='word_1_120' title='bbox 1100 1910 1700 1998; x_wconf 90' lang='lat' dir='ltr'><strong>Monachorum</strong></span> <span class='ocrx_word' id='word_1_121' title='bbox 1755 1914 2086 1999; x_wconf 81' lang='lat' dir='ltr'><strong>miserit.</strong></span> <span class='ocrx_word' id='word_1_122' title='bbox 2151 1916 2232 1997; x_wconf 90' lang='lat' dir='ltr'><strong>Si</strong></span> <span class='ocrx_word' id='word_1_123' title='bbox 2288 1915 2783 2003; x_wconf 86' lang='lat' dir='ltr'><strong>calumniam</strong></span> <span class='ocrx_word' id='word_1_124' title='bbox 2836 1919 2918 2001; x_wconf 89' lang='lat' dir='ltr'><strong>in</strong></span> <span class='ocrx_word' id='word_1_125' title='bbox 2974 1917 3294 2001; x_wconf 80' lang='lat' dir='ltr'><strong>Fratres</strong></span> <span class='ocrx_word' id='word_1_126' title='bbox 3357 1917 3756 2000; x_wconf 77' lang='lat' dir='ltr'><strong>struxerit.</strong></span> <span class='ocrx_word' id='word_1_127' title='bbox 3827 1916 3910 1999; x_wconf 89' lang='lat' dir='ltr'><strong>Si</strong></span> <span class='ocrx_word' id='word_1_128' title='bbox 3980 1945 4466 2026; x_wconf 88' lang='lat' dir='ltr'><strong>procurave-</strong></span> 
     </span>
     <span class='ocr_line' id='line_1_14' title="bbox 1101 2032 4450 2152; baseline 0.001 -37"><span class='ocrx_word' id='word_1_129' title='bbox 1101 2032 1258 2135; x_wconf 88' lang='lat' dir='ltr'><strong>rit,</strong></span> <span class='ocrx_word' id='word_1_130' title='bbox 1313 2053 1405 2115; x_wconf 89' lang='lat' dir='ltr'><strong>ut</strong></span> <span class='ocrx_word' id='word_1_131' title='bbox 1481 2034 1706 2145; x_wconf 90' lang='lat' dir='ltr'><strong>ipse,</strong></span> <span class='ocrx_word' id='word_1_132' title='bbox 1757 2033 1890 2118; x_wconf 90' lang='lat' dir='ltr'><strong>vel</strong></span> <span class='ocrx_word' id='word_1_133' title='bbox 1942 2035 2143 2121; x_wconf 89' lang='lat' dir='ltr'><strong>alter</strong></span> <span class='ocrx_word' id='word_1_134' title='bbox 2189 2038 2591 2121; x_wconf 79' lang='lat' dir='ltr'><strong>eximatur</strong></span> <span class='ocrx_word' id='word_1_135' title='bbox 2641 2070 2684 2121; x_wconf 93' lang='lat' dir='ltr'><strong>a</strong></span> <span class='ocrx_word' id='word_1_136' title='bbox 2748 2058 3142 2152; x_wconf 80' lang='lat' dir='ltr'><strong>potestate</strong></span> <span class='ocrx_word' id='word_1_137' title='bbox 3220 2039 3674 2146; x_wconf 88' lang='lat' dir='ltr'><strong>Superioris</strong></span> <span class='ocrx_word' id='word_1_138' title='bbox 3710 2097 3733 2139; x_wconf 94' lang='lat'><strong>,</strong></span> <span class='ocrx_word' id='word_1_139' title='bbox 3805 2056 3945 2118; x_wconf 87' lang='lat' dir='ltr'><strong>aut</strong></span> <span class='ocrx_word' id='word_1_140' title='bbox 4019 2037 4103 2118; x_wconf 91' lang='lat' dir='ltr'><strong>in</strong></span> <span class='ocrx_word' id='word_1_141' title='bbox 4174 2032 4450 2120; x_wconf 85' lang='lat' dir='ltr'><strong>officio</strong></span> 
     </span>
     <span class='ocr_line' id='line_1_15' title="bbox 1100 2148 4469 2266; baseline 0.003 -34"><span class='ocrx_word' id='word_1_142' title='bbox 1100 2148 1656 2236; x_wconf 87' lang='lat' dir='ltr'><strong>confirmetur.</strong></span> <span class='ocrx_word' id='word_1_143' title='bbox 1726 2152 1807 2237; x_wconf 91' lang='lat' dir='ltr'><strong>Si</strong></span> <span class='ocrx_word' id='word_1_144' title='bbox 1860 2183 2008 2266; x_wconf 88' lang='lat' dir='ltr'><strong>per</strong></span> <span class='ocrx_word' id='word_1_145' title='bbox 2056 2158 2719 2263; x_wconf 84' lang='lat' dir='ltr'><strong>contumaciam,</strong></span> <span class='ocrx_word' id='word_1_146' title='bbox 2798 2157 2930 2243; x_wconf 88' lang='lat' dir='ltr'><strong>vel</strong></span> <span class='ocrx_word' id='word_1_147' title='bbox 3006 2154 3509 2241; x_wconf 87' lang='lat' dir='ltr'><strong>manifestam</strong></span> <span class='ocrx_word' id='word_1_148' title='bbox 3582 2154 4115 2239; x_wconf 87' lang='lat' dir='ltr'><strong>rebellionem</strong></span> <span class='ocrx_word' id='word_1_149' title='bbox 4180 2155 4469 2241; x_wconf 87' lang='lat' dir='ltr'><strong>inobe-</strong></span> 
     </span>
     <span class='ocr_line' id='line_1_16' title="bbox 1095 2267 4557 2386; baseline 0.003 -35"><span class='ocrx_word' id='word_1_150' title='bbox 1095 2267 1332 2355; x_wconf 87' lang='lat' dir='ltr'><strong>diens</strong></span> <span class='ocrx_word' id='word_1_151' title='bbox 1381 2273 1799 2386; x_wconf 89' lang='lat' dir='ltr'><strong>Superiori</strong></span> <span class='ocrx_word' id='word_1_152' title='bbox 1871 2271 2177 2379; x_wconf 87' lang='lat' dir='ltr'><strong>fuerit,</strong></span> <span class='ocrx_word' id='word_1_153' title='bbox 2257 2279 2391 2362; x_wconf 79' lang='lat' dir='ltr'><strong>vel</strong></span> <span class='ocrx_word' id='word_1_154' title='bbox 2441 2309 2633 2363; x_wconf 88' lang='lat' dir='ltr'><strong>cum</strong></span> <span class='ocrx_word' id='word_1_155' title='bbox 2696 2308 2796 2364; x_wconf 92' lang='lat' dir='ltr'><strong>eo</strong></span> <span class='ocrx_word' id='word_1_156' title='bbox 2861 2275 3401 2362; x_wconf 89' lang='lat' dir='ltr'><strong>contenderit.</strong></span> <span class='ocrx_word' id='word_1_157' title='bbox 3468 2276 3550 2359; x_wconf 91' lang='lat' dir='ltr'><strong>Si</strong></span> <span class='ocrx_word' id='word_1_158' title='bbox 3620 2298 3923 2360; x_wconf 91' lang='lat' dir='ltr'><strong>secreta</strong></span> <span class='ocrx_word' id='word_1_159' title='bbox 4004 2272 4469 2385; x_wconf 83' lang='lat' dir='ltr'><strong>Congrega-</strong></span> <span class='ocrx_word' id='word_1_160' title='bbox 4554 2362 4557 2363; x_wconf 18' lang='lat' dir='ltr'><strong><em>f</em></strong></span> 
     </span>
     <span class='ocr_line' id='line_1_17' title="bbox 1097 2392 4467 2507; baseline 0.003 -37"><span class='ocrx_word' id='word_1_161' title='bbox 1097 2393 1416 2477; x_wconf 89' lang='lat' dir='ltr'><strong>tionum</strong></span> <span class='ocrx_word' id='word_1_162' title='bbox 1480 2393 1983 2478; x_wconf 82' lang='lat' dir='ltr'><strong>revelaverit.</strong></span> <span class='ocrx_word' id='word_1_163' title='bbox 2054 2395 2136 2479; x_wconf 90' lang='lat' dir='ltr'><strong>Si</strong></span> <span class='ocrx_word' id='word_1_164' title='bbox 2215 2392 2565 2482; x_wconf 76' lang='lat' dir='ltr'><strong>decretis</strong></span> <span class='ocrx_word' id='word_1_165' title='bbox 2614 2396 3365 2507; x_wconf 86' lang='lat' dir='ltr'><strong>Congregationum</strong></span> <span class='ocrx_word' id='word_1_166' title='bbox 3416 2397 3549 2479; x_wconf 86' lang='lat' dir='ltr'><strong>vel</strong></span> <span class='ocrx_word' id='word_1_167' title='bbox 3620 2395 3975 2479; x_wconf 90' lang='lat' dir='ltr'><strong>Abbatis</strong></span> <span class='ocrx_word' id='word_1_168' title='bbox 4040 2394 4467 2485; x_wconf 87' lang='lat' dir='ltr'><strong>Generalis</strong></span> 
     </span>
     <span class='ocr_line' id='line_1_18' title="bbox 1093 2513 4469 2632; baseline 0.003 -42"><span class='ocrx_word' id='word_1_169' title='bbox 1093 2540 1267 2599; x_wconf 85' lang='lat' dir='ltr'><strong>sese</strong></span> <span class='ocrx_word' id='word_1_170' title='bbox 1316 2515 1798 2625; x_wconf 86' lang='lat' dir='ltr'><strong>opposuerit.</strong></span> <span class='ocrx_word' id='word_1_171' title='bbox 1847 2514 1931 2599; x_wconf 89' lang='lat' dir='ltr'><strong>Si</strong></span> <span class='ocrx_word' id='word_1_172' title='bbox 1971 2514 2386 2627; x_wconf 82' lang='lat' dir='ltr'><strong>Superiori</strong></span> <span class='ocrx_word' id='word_1_173' title='bbox 2445 2519 2975 2630; x_wconf 88' lang='lat' dir='ltr'><strong>praecipienti</strong></span> <span class='ocrx_word' id='word_1_174' title='bbox 3031 2513 3346 2632; x_wconf 89' lang='lat' dir='ltr'><strong>aliquid</strong></span> <span class='ocrx_word' id='word_1_175' title='bbox 3401 2519 3480 2597; x_wconf 88' lang='lat' dir='ltr'><strong>in</strong></span> <span class='ocrx_word' id='word_1_176' title='bbox 3539 2517 3845 2600; x_wconf 89' lang='lat' dir='ltr'><strong>virtute</strong></span> <span class='ocrx_word' id='word_1_177' title='bbox 3893 2539 4216 2601; x_wconf 84' lang='lat' dir='ltr'><strong>sanctae</strong></span> <span class='ocrx_word' id='word_1_178' title='bbox 4270 2515 4469 2602; x_wconf 91' lang='lat' dir='ltr'><strong>obe-</strong></span> 
     </span>
     <span class='ocr_line' id='line_1_19' title="bbox 1094 2625 4467 2754; baseline 0.003 -43"><span class='ocrx_word' id='word_1_179' title='bbox 1094 2625 1455 2716; x_wconf 90' lang='lat' dir='ltr'><strong>dientiae</strong></span> <span class='ocrx_word' id='word_1_180' title='bbox 1504 2662 1668 2718; x_wconf 91' lang='lat' dir='ltr'><strong>non</strong></span> <span class='ocrx_word' id='word_1_181' title='bbox 1732 2631 2192 2720; x_wconf 60' lang='lat' dir='ltr'><strong>obedierin—</strong></span> <span class='ocrx_word' id='word_1_182' title='bbox 2230 2638 2314 2720; x_wconf 82' lang='lat' dir='ltr'><strong>si</strong></span> <span class='ocrx_word' id='word_1_183' title='bbox 2365 2633 2572 2754; x_wconf 87' lang='lat' dir='ltr'><strong>quid</strong></span> <span class='ocrx_word' id='word_1_184' title='bbox 2636 2641 2864 2751; x_wconf 87' lang='lat' dir='ltr'><strong>parvi</strong></span> <span class='ocrx_word' id='word_1_185' title='bbox 2943 2639 3336 2721; x_wconf 87' lang='lat' dir='ltr'><strong>momenti</strong></span> <span class='ocrx_word' id='word_1_186' title='bbox 3390 2638 3473 2719; x_wconf 89' lang='lat' dir='ltr'><strong>in</strong></span> <span class='ocrx_word' id='word_1_187' title='bbox 3542 2639 3846 2720; x_wconf 89' lang='lat' dir='ltr'><strong>virtute</strong></span> <span class='ocrx_word' id='word_1_188' title='bbox 3894 2659 4217 2721; x_wconf 88' lang='lat' dir='ltr'><strong>sanctae</strong></span> <span class='ocrx_word' id='word_1_189' title='bbox 4269 2636 4467 2722; x_wconf 90' lang='lat' dir='ltr'><strong>obe·</strong></span> 
     </span>
     <span class='ocr_line' id='line_1_20' title="bbox 1093 2745 4456 2870; baseline 0.003 -39"><span class='ocrx_word' id='word_1_190' title='bbox 1093 2745 1454 2837; x_wconf 88' lang='lat' dir='ltr'><strong>dientiae</strong></span> <span class='ocrx_word' id='word_1_191' title='bbox 1513 2752 1939 2853; x_wconf 77' lang='lat' dir='ltr'><strong>Fratribus</strong></span> <span class='ocrx_word' id='word_1_192' title='bbox 2013 2758 2480 2870; x_wconf 87' lang='lat' dir='ltr'><strong>praecipere</strong></span> <span class='ocrx_word' id='word_1_193' title='bbox 2565 2760 3118 2843; x_wconf 88' lang='lat' dir='ltr'><strong>consueverit.</strong></span> <span class='ocrx_word' id='word_1_194' title='bbox 3199 2758 3282 2842; x_wconf 88' lang='lat' dir='ltr'><strong>Si</strong></span> <span class='ocrx_word' id='word_1_195' title='bbox 3350 2755 3727 2840; x_wconf 81' lang='lat' dir='ltr'><strong>Praelato</strong></span> <span class='ocrx_word' id='word_1_196' title='bbox 3799 2755 4380 2841; x_wconf 88' lang='lat' dir='ltr'><strong>Ecclesiastico</strong></span> <span class='ocrx_word' id='word_1_197' title='bbox 4429 2817 4456 2861; x_wconf 90' lang='lat'><strong>,</strong></span> 
     </span>
     <span class='ocr_line' id='line_1_21' title="bbox 1091 2871 4455 2996; baseline 0.002 -43"><span class='ocrx_word' id='word_1_198' title='bbox 1091 2892 1235 2955; x_wconf 90' lang='lat' dir='ltr'><strong>aut</strong></span> <span class='ocrx_word' id='word_1_199' title='bbox 1289 2871 1651 2988; x_wconf 85' lang='lat' dir='ltr'><strong>Principi</strong></span> <span class='ocrx_word' id='word_1_200' title='bbox 1702 2873 2090 2961; x_wconf 88' lang='lat' dir='ltr'><strong>saeculari</strong></span> <span class='ocrx_word' id='word_1_201' title='bbox 2145 2878 2229 2960; x_wconf 90' lang='lat' dir='ltr'><strong>in</strong></span> <span class='ocrx_word' id='word_1_202' title='bbox 2293 2881 2410 2963; x_wconf 88' lang='lat' dir='ltr'><strong>eis</strong></span> <span class='ocrx_word' id='word_1_203' title='bbox 2444 2939 2469 2982; x_wconf 89' lang='lat'><strong>,</strong></span> <span class='ocrx_word' id='word_1_204' title='bbox 2525 2908 2740 2996; x_wconf 84' lang='lat' dir='ltr'><strong>quae</strong></span> <span class='ocrx_word' id='word_1_205' title='bbox 2788 2874 2894 2963; x_wconf 89' lang='lat' dir='ltr'><strong>ad</strong></span> <span class='ocrx_word' id='word_1_206' title='bbox 2965 2877 3151 2962; x_wconf 91' lang='lat' dir='ltr'><strong>illos</strong></span> <span class='ocrx_word' id='word_1_207' title='bbox 3199 2899 3611 2991; x_wconf 86' lang='lat' dir='ltr'><strong>spectant,</strong></span> <span class='ocrx_word' id='word_1_208' title='bbox 3666 2872 4226 2963; x_wconf 86' lang='lat' dir='ltr'><strong>contradicere</strong></span> <span class='ocrx_word' id='word_1_209' title='bbox 4281 2876 4455 2961; x_wconf 89' lang='lat' dir='ltr'><strong>cul·</strong></span> 
     </span>
     <span class='ocr_line' id='line_1_22' title="bbox 1092 2990 4458 3114; baseline 0.002 -41"><span class='ocrx_word' id='word_1_210' title='bbox 1092 2990 1527 3102; x_wconf 87' lang='lat' dir='ltr'><strong>pabiliter‚</strong></span> <span class='ocrx_word' id='word_1_211' title='bbox 1589 3025 1685 3078; x_wconf 90' lang='lat' dir='ltr'><strong>ac</strong></span> <span class='ocrx_word' id='word_1_212' title='bbox 1735 3017 2044 3081; x_wconf 88' lang='lat' dir='ltr'><strong>temere</strong></span> <span class='ocrx_word' id='word_1_213' title='bbox 2090 3001 2741 3114; x_wconf 87' lang='lat' dir='ltr'><strong>praesumpserit.</strong></span> <span class='ocrx_word' id='word_1_214' title='bbox 2812 2998 2897 3081; x_wconf 91' lang='lat' dir='ltr'><strong>Si</strong></span> <span class='ocrx_word' id='word_1_215' title='bbox 2974 2995 3398 3082; x_wconf 86' lang='lat' dir='ltr'><strong>Fratribus</strong></span> <span class='ocrx_word' id='word_1_216' title='bbox 3467 2997 3841 3108; x_wconf 90' lang='lat' dir='ltr'><strong>propriae</strong></span> <span class='ocrx_word' id='word_1_217' title='bbox 3910 2999 4458 3081; x_wconf 88' lang='lat' dir='ltr'><strong>conscientiae</strong></span> 
     </span>
    </p>
   </div>
   <div class='ocr_carea' id='block_1_3' title="bbox 1053 3112 4471 3224">
    <p class='ocr_par' dir='ltr' id='par_1_3' title="bbox 1053 3112 4471 3224">
     <span class='ocr_line' id='line_1_23' title="bbox 1053 3112 4471 3224; baseline 0.003 -33"><span class='ocrx_word' id='word_1_218' title='bbox 1053 3113 1491 3211; x_wconf 64' lang='lat' dir='ltr'><strong>⁸rationem</strong></span> <span class='ocrx_word' id='word_1_219' title='bbox 1540 3118 1762 3224; x_wconf 88' lang='lat' dir='ltr'><strong>juxta</strong></span> <span class='ocrx_word' id='word_1_220' title='bbox 1814 3145 2128 3201; x_wconf 91' lang='lat' dir='ltr'><strong>morem</strong></span> <span class='ocrx_word' id='word_1_221' title='bbox 2182 3112 2757 3224; x_wconf 87' lang='lat' dir='ltr'><strong>reddentibus,</strong></span> <span class='ocrx_word' id='word_1_222' title='bbox 2814 3141 3216 3202; x_wconf 87' lang='lat' dir='ltr'><strong>secretum</strong></span> <span class='ocrx_word' id='word_1_223' title='bbox 3278 3148 3438 3200; x_wconf 89' lang='lat' dir='ltr'><strong>non</strong></span> <span class='ocrx_word' id='word_1_224' title='bbox 3503 3117 3971 3201; x_wconf 87' lang='lat' dir='ltr'><strong>servaverit.</strong></span> <span class='ocrx_word' id='word_1_225' title='bbox 4038 3115 4199 3200; x_wconf 88' lang='lat' dir='ltr'><strong>Pro</strong></span> <span class='ocrx_word' id='word_1_226' title='bbox 4246 3118 4471 3200; x_wconf 85' lang='lat' dir='ltr'><strong>simi·</strong></span> 
     </span>
    </p>
   </div>
   <div class='ocr_carea' id='block_1_4' title="bbox 1055 3228 4549 5737">
    <p class='ocr_par' dir='ltr' id='par_1_4' title="bbox 1055 3228 4549 5737">
     <span class='ocr_line' id='line_1_24' title="bbox 1090 3228 4460 3352; baseline 0.003 -41"><span class='ocrx_word' id='word_1_227' title='bbox 1090 3228 1309 3315; x_wconf 90' lang='lat' dir='ltr'><strong>libus</strong></span> <span class='ocrx_word' id='word_1_228' title='bbox 1362 3231 1623 3343; x_wconf 89' lang='lat' dir='ltr'><strong>culpis</strong></span> <span class='ocrx_word' id='word_1_229' title='bbox 1683 3237 2163 3344; x_wconf 83' lang='lat' dir='ltr'><strong>injungatur</strong></span> <span class='ocrx_word' id='word_1_230' title='bbox 2209 3234 2636 3352; x_wconf 85' lang='lat' dir='ltr'><strong>Jejunium</strong></span> <span class='ocrx_word' id='word_1_231' title='bbox 2689 3268 2835 3350; x_wconf 90' lang='lat' dir='ltr'><strong>pet·</strong></span> <span class='ocrx_word' id='word_1_232' title='bbox 2884 3237 3159 3351; x_wconf 87' lang='lat' dir='ltr'><strong>plures</strong></span> <span class='ocrx_word' id='word_1_233' title='bbox 3204 3234 3428 3321; x_wconf 87' lang='lat' dir='ltr'><strong>dies:</strong></span> <span class='ocrx_word' id='word_1_234' title='bbox 3499 3239 3696 3320; x_wconf 86' lang='lat' dir='ltr'><strong>item</strong></span> <span class='ocrx_word' id='word_1_235' title='bbox 3760 3234 4057 3319; x_wconf 87' lang='lat' dir='ltr'><strong>Psalmi</strong></span> <span class='ocrx_word' id='word_1_236' title='bbox 4112 3236 4386 3347; x_wconf 85' lang='lat' dir='ltr'><strong>plures</strong></span> <span class='ocrx_word' id='word_1_237' title='bbox 4433 3298 4460 3341; x_wconf 92' lang='lat'><strong>,</strong></span> 
     </span>
     <span class='ocr_line' id='line_1_25' title="bbox 1073 3348 4458 3467; baseline 0.002 -34"><span class='ocrx_word' id='word_1_238' title='bbox 1073 3370 1171 3433; x_wconf 83' lang='lat' dir='ltr'><strong>et</strong></span> <span class='ocrx_word' id='word_1_239' title='bbox 1230 3348 1667 3436; x_wconf 87' lang='lat' dir='ltr'><strong>Orationes</strong></span> <span class='ocrx_word' id='word_1_240' title='bbox 1717 3353 2208 3442; x_wconf 87' lang='lat' dir='ltr'><strong>Dominicae</strong></span> <span class='ocrx_word' id='word_1_241' title='bbox 2242 3419 2267 3461; x_wconf 89' lang='lat'><strong>,</strong></span> <span class='ocrx_word' id='word_1_242' title='bbox 2335 3381 2417 3443; x_wconf 86' lang='lat' dir='ltr'><strong>et</strong></span> <span class='ocrx_word' id='word_1_243' title='bbox 2468 3358 3166 3467; x_wconf 89' lang='lat' dir='ltr'><strong>genuflectiones:</strong></span> <span class='ocrx_word' id='word_1_244' title='bbox 3224 3379 3368 3440; x_wconf 86' lang='lat' dir='ltr'><strong>aut</strong></span> <span class='ocrx_word' id='word_1_245' title='bbox 3416 3354 3756 3441; x_wconf 87' lang='lat' dir='ltr'><strong>demum</strong></span> <span class='ocrx_word' id='word_1_246' title='bbox 3808 3351 3911 3437; x_wconf 87' lang='lat' dir='ltr'><strong>ab</strong></span> <span class='ocrx_word' id='word_1_247' title='bbox 3966 3352 4272 3439; x_wconf 83' lang='lat' dir='ltr'><strong>Officio</strong></span> <span class='ocrx_word' id='word_1_248' title='bbox 4320 3387 4458 3441; x_wconf 88' lang='lat' dir='ltr'><strong>su-</strong></span> 
     </span>
     <span class='ocr_line' id='line_1_26' title="bbox 1089 3467 4455 3587; baseline 0.003 -36"><span class='ocrx_word' id='word_1_249' title='bbox 1089 3467 1544 3581; x_wconf 88' lang='lat' dir='ltr'><strong>spendatur</strong></span> <span class='ocrx_word' id='word_1_250' title='bbox 1572 3534 1603 3573; x_wconf 87' lang='lat'><strong>,</strong></span> <span class='ocrx_word' id='word_1_251' title='bbox 1687 3475 1818 3558; x_wconf 90' lang='lat' dir='ltr'><strong>vel</strong></span> <span class='ocrx_word' id='word_1_252' title='bbox 1886 3498 2398 3561; x_wconf 90' lang='lat' dir='ltr'><strong>removeatur</strong></span> <span class='ocrx_word' id='word_1_253' title='bbox 2448 3510 2546 3563; x_wconf 82' lang='lat' dir='ltr'><strong>ex</strong></span> <span class='ocrx_word' id='word_1_254' title='bbox 2598 3480 2938 3563; x_wconf 88' lang='lat' dir='ltr'><strong>consilio</strong></span> <span class='ocrx_word' id='word_1_255' title='bbox 3002 3474 3681 3587; x_wconf 84' lang='lat' dir='ltr'><strong>Congregationis</strong></span> <span class='ocrx_word' id='word_1_256' title='bbox 3744 3472 4455 3580; x_wconf 87' lang='lat' dir='ltr'><strong>Hegumenorum.</strong></span> 
     </span>
     <span class='ocr_line' id='line_1_27' title="bbox 1084 3587 4465 3706; baseline 0.004 -39"><span class='ocrx_word' id='word_1_257' title='bbox 1084 3587 1191 3670; x_wconf 93' lang='lat' dir='ltr'><strong>V.</strong></span> <span class='ocrx_word' id='word_1_258' title='bbox 1246 3588 1742 3677; x_wconf 85' lang='lat' dir='ltr'><strong>Gravissima</strong></span> <span class='ocrx_word' id='word_1_259' title='bbox 1797 3594 2042 3706; x_wconf 86' lang='lat' dir='ltr'><strong>culpa</strong></span> <span class='ocrx_word' id='word_1_260' title='bbox 2109 3619 2262 3700; x_wconf 90' lang='lat' dir='ltr'><strong>est,</strong></span> <span class='ocrx_word' id='word_1_261' title='bbox 2315 3598 2970 3705; x_wconf 73' lang='lat' dir='ltr'><strong>siHaereticus,</strong></span> <span class='ocrx_word' id='word_1_262' title='bbox 3024 3619 3164 3681; x_wconf 88' lang='lat' dir='ltr'><strong>aut</strong></span> <span class='ocrx_word' id='word_1_263' title='bbox 3219 3596 3801 3681; x_wconf 87' lang='lat' dir='ltr'><strong>Schismaticus</strong></span> <span class='ocrx_word' id='word_1_264' title='bbox 3876 3591 4175 3699; x_wconf 87' lang='lat' dir='ltr'><strong>fuerit,</strong></span> <span class='ocrx_word' id='word_1_265' title='bbox 4230 3618 4372 3680; x_wconf 90' lang='lat' dir='ltr'><strong>aut</strong></span> <span class='ocrx_word' id='word_1_266' title='bbox 4418 3630 4465 3680; x_wconf 93' lang='lat' dir='ltr'><strong>a</strong></span> 
     </span>
     <span class='ocr_line' id='line_1_28' title="bbox 1085 3705 4465 3827; baseline 0.003 -38"><span class='ocrx_word' id='word_1_267' title='bbox 1085 3705 1552 3803; x_wconf 30' lang='lat' dir='ltr'><strong>,Christiana</strong></span> <span class='ocrx_word' id='word_1_268' title='bbox 1638 3711 2066 3824; x_wconf 90' lang='lat' dir='ltr'><strong>Religione</strong></span> <span class='ocrx_word' id='word_1_269' title='bbox 2143 3713 2561 3803; x_wconf 87' lang='lat' dir='ltr'><strong>defecerit.</strong></span> <span class='ocrx_word' id='word_1_270' title='bbox 2633 3721 2716 3804; x_wconf 93' lang='lat' dir='ltr'><strong>Si</strong></span> <span class='ocrx_word' id='word_1_271' title='bbox 2798 3718 2901 3802; x_wconf 89' lang='lat' dir='ltr'><strong>ab</strong></span> <span class='ocrx_word' id='word_1_272' title='bbox 2963 3715 3285 3802; x_wconf 85' lang='lat' dir='ltr'><strong>Ordine</strong></span> <span class='ocrx_word' id='word_1_273' title='bbox 3353 3740 3630 3800; x_wconf 87' lang='lat' dir='ltr'><strong>nostro</strong></span> <span class='ocrx_word' id='word_1_274' title='bbox 3710 3716 4305 3827; x_wconf 89' lang='lat' dir='ltr'><strong>apostataverit.</strong></span> <span class='ocrx_word' id='word_1_275' title='bbox 4374 3716 4465 3800; x_wconf 85' lang='lat' dir='ltr'><strong>Si</strong></span> 
     </span>
     <span class='ocr_line' id='line_1_29' title="bbox 1088 3830 4463 3948; baseline 0.002 -39"><span class='ocrx_word' id='word_1_276' title='bbox 1088 3831 1442 3936; x_wconf 87' lang='lat' dir='ltr'><strong>graviter</strong></span> <span class='ocrx_word' id='word_1_277' title='bbox 1493 3830 1889 3940; x_wconf 87' lang='lat' dir='ltr'><strong>Fratrem,</strong></span> <span class='ocrx_word' id='word_1_278' title='bbox 1945 3833 2074 3919; x_wconf 92' lang='lat' dir='ltr'><strong>vel</strong></span> <span class='ocrx_word' id='word_1_279' title='bbox 2140 3859 2613 3923; x_wconf 83' lang='lat' dir='ltr'><strong>extraneum</strong></span> <span class='ocrx_word' id='word_1_280' title='bbox 2670 3838 3213 3948; x_wconf 84' lang='lat' dir='ltr'><strong>percusserit,</strong></span> <span class='ocrx_word' id='word_1_281' title='bbox 3262 3858 3346 3921; x_wconf 92' lang='lat' dir='ltr'><strong>et</strong></span> <span class='ocrx_word' id='word_1_282' title='bbox 3409 3835 3698 3920; x_wconf 89' lang='lat' dir='ltr'><strong>leviter</strong></span> <span class='ocrx_word' id='word_1_283' title='bbox 3772 3836 4020 3918; x_wconf 90' lang='lat' dir='ltr'><strong>etiam</strong></span> <span class='ocrx_word' id='word_1_284' title='bbox 4072 3834 4463 3947; x_wconf 84' lang='lat' dir='ltr'><strong>Superio-</strong></span> 
     </span>
     <span class='ocr_line' id='line_1_30' title="bbox 1091 3950 4465 4068; baseline 0.004 -39"><span class='ocrx_word' id='word_1_285' title='bbox 1091 3977 1285 4031; x_wconf 89' lang='lat' dir='ltr'><strong>rem.</strong></span> <span class='ocrx_word' id='word_1_286' title='bbox 1361 3950 1444 4033; x_wconf 87' lang='lat' dir='ltr'><strong>Si</strong></span> <span class='ocrx_word' id='word_1_287' title='bbox 1509 3950 1822 4068; x_wconf 87' lang='lat' dir='ltr'><strong>absque</strong></span> <span class='ocrx_word' id='word_1_288' title='bbox 1892 3954 2349 4066; x_wconf 85' lang='lat' dir='ltr'><strong>Superioris</strong></span> <span class='ocrx_word' id='word_1_289' title='bbox 2417 3959 2748 4045; x_wconf 85' lang='lat' dir='ltr'><strong>licentia</strong></span> <span class='ocrx_word' id='word_1_290' title='bbox 2822 3957 3250 4042; x_wconf 87' lang='lat' dir='ltr'><strong>Fabricam</strong></span> <span class='ocrx_word' id='word_1_291' title='bbox 3316 3956 3587 4064; x_wconf 86' lang='lat' dir='ltr'><strong>magni</strong></span> <span class='ocrx_word' id='word_1_292' title='bbox 3677 3956 4071 4040; x_wconf 89' lang='lat' dir='ltr'><strong>momenti</strong></span> <span class='ocrx_word' id='word_1_293' title='bbox 4131 3984 4465 4067; x_wconf 88' lang='lat' dir='ltr'><strong>praece·</strong></span> 
     </span>
     <span class='ocr_line' id='line_1_31' title="bbox 1087 4069 4453 4193; baseline 0.003 -44"><span class='ocrx_word' id='word_1_294' title='bbox 1087 4071 1318 4178; x_wconf 87' lang='lat' dir='ltr'><strong>perit.</strong></span> <span class='ocrx_word' id='word_1_295' title='bbox 1388 4069 1469 4153; x_wconf 88' lang='lat' dir='ltr'><strong>Si</strong></span> <span class='ocrx_word' id='word_1_296' title='bbox 1521 4102 1826 4158; x_wconf 88' lang='lat' dir='ltr'><strong>munus</strong></span> <span class='ocrx_word' id='word_1_297' title='bbox 1876 4106 1919 4159; x_wconf 93' lang='lat' dir='ltr'><strong>a</strong></span> <span class='ocrx_word' id='word_1_298' title='bbox 1979 4073 2258 4162; x_wconf 87' lang='lat' dir='ltr'><strong>Fratre</strong></span> <span class='ocrx_word' id='word_1_299' title='bbox 2308 4081 2714 4190; x_wconf 86' lang='lat' dir='ltr'><strong>acceperit</strong></span> <span class='ocrx_word' id='word_1_300' title='bbox 2746 4141 2771 4181; x_wconf 89' lang='lat'>‚</span> <span class='ocrx_word' id='word_1_301' title='bbox 2839 4101 2932 4163; x_wconf 90' lang='lat' dir='ltr'><strong>ut</strong></span> <span class='ocrx_word' id='word_1_302' title='bbox 2979 4079 3053 4162; x_wconf 90' lang='lat' dir='ltr'><strong>ei</strong></span> <span class='ocrx_word' id='word_1_303' title='bbox 3107 4072 3506 4159; x_wconf 85' lang='lat' dir='ltr'><strong>Officium</strong></span> <span class='ocrx_word' id='word_1_304' title='bbox 3570 4070 3908 4193; x_wconf 88' lang='lat' dir='ltr'><strong>aliquod</strong></span> <span class='ocrx_word' id='word_1_305' title='bbox 3970 4077 4453 4159; x_wconf 89' lang='lat' dir='ltr'><strong>committat.</strong></span> 
     </span>
     <span class='ocr_line' id='line_1_32' title="bbox 1085 4188 4462 4307; baseline 0.003 -36"><span class='ocrx_word' id='word_1_306' title='bbox 1085 4188 1170 4271; x_wconf 90' lang='lat' dir='ltr'><strong>Si</strong></span> <span class='ocrx_word' id='word_1_307' title='bbox 1238 4188 1456 4275; x_wconf 89' lang='lat' dir='ltr'><strong>bona</strong></span> <span class='ocrx_word' id='word_1_308' title='bbox 1499 4191 1833 4307; x_wconf 85' lang='lat' dir='ltr'><strong>mobilia</strong></span> <span class='ocrx_word' id='word_1_309' title='bbox 1873 4255 1899 4296; x_wconf 90' lang='lat'>‚</span> <span class='ocrx_word' id='word_1_310' title='bbox 1966 4219 2109 4281; x_wconf 87' lang='lat' dir='ltr'><strong>aut</strong></span> <span class='ocrx_word' id='word_1_311' title='bbox 2158 4199 2607 4283; x_wconf 87' lang='lat' dir='ltr'><strong>immobilia</strong></span> <span class='ocrx_word' id='word_1_312' title='bbox 2676 4197 3154 4282; x_wconf 88' lang='lat' dir='ltr'><strong>Monasterii</strong></span> <span class='ocrx_word' id='word_1_313' title='bbox 3217 4198 3395 4280; x_wconf 89' lang='lat' dir='ltr'><strong>sine</strong></span> <span class='ocrx_word' id='word_1_314' title='bbox 3452 4194 4112 4303; x_wconf 88' lang='lat' dir='ltr'><strong>Congregatione</strong></span> <span class='ocrx_word' id='word_1_315' title='bbox 4171 4193 4462 4280; x_wconf 87' lang='lat' dir='ltr'><strong>Mona·</strong></span> 
     </span>
     <span class='ocr_line' id='line_1_33' title="bbox 1086 4304 4454 4429; baseline 0.003 -40"><span class='ocrx_word' id='word_1_316' title='bbox 1086 4304 1433 4427; x_wconf 86' lang='lat' dir='ltr'><strong>chorum</strong></span> <span class='ocrx_word' id='word_1_317' title='bbox 1481 4372 1508 4415; x_wconf 94' lang='lat'><strong>,</strong></span> <span class='ocrx_word' id='word_1_318' title='bbox 1564 4334 1703 4396; x_wconf 90' lang='lat' dir='ltr'><strong>aut</strong></span> <span class='ocrx_word' id='word_1_319' title='bbox 1755 4313 2104 4400; x_wconf 88' lang='lat' dir='ltr'><strong>Abbatis</strong></span> <span class='ocrx_word' id='word_1_320' title='bbox 2171 4316 2600 4404; x_wconf 87' lang='lat' dir='ltr'><strong>Generalis</strong></span> <span class='ocrx_word' id='word_1_321' title='bbox 2648 4381 2673 4423; x_wconf 91' lang='lat'><strong>,</strong></span> <span class='ocrx_word' id='word_1_322' title='bbox 2739 4341 2880 4402; x_wconf 91' lang='lat' dir='ltr'><strong>aut</strong></span> <span class='ocrx_word' id='word_1_323' title='bbox 2948 4345 3237 4402; x_wconf 88' lang='lat' dir='ltr'><strong>eorum</strong></span> <span class='ocrx_word' id='word_1_324' title='bbox 3290 4378 3314 4419; x_wconf 89' lang='lat'><strong>,</strong></span> <span class='ocrx_word' id='word_1_325' title='bbox 3390 4312 3493 4400; x_wconf 89' lang='lat' dir='ltr'><strong>ad</strong></span> <span class='ocrx_word' id='word_1_326' title='bbox 3543 4345 3749 4429; x_wconf 88' lang='lat' dir='ltr'><strong>quos</strong></span> <span class='ocrx_word' id='word_1_327' title='bbox 3770 4336 4138 4427; x_wconf 80' lang='lat' dir='ltr'><strong>-spectat,</strong></span> <span class='ocrx_word' id='word_1_328' title='bbox 4201 4314 4454 4401; x_wconf 88' lang='lat' dir='ltr'><strong>licen-</strong></span> 
     </span>
     <span class='ocr_line' id='line_1_34' title="bbox 1088 4429 4462 4553; baseline 0.002 -43"><span class='ocrx_word' id='word_1_329' title='bbox 1088 4429 1224 4531; x_wconf 86' lang='lat' dir='ltr'><strong>tia,</strong></span> <span class='ocrx_word' id='word_1_330' title='bbox 1281 4430 1780 4516; x_wconf 88' lang='lat' dir='ltr'><strong>alienaverit.</strong></span> <span class='ocrx_word' id='word_1_331' title='bbox 1848 4435 1932 4518; x_wconf 91' lang='lat' dir='ltr'><strong>Si</strong></span> <span class='ocrx_word' id='word_1_332' title='bbox 1988 4434 2492 4524; x_wconf 85' lang='lat' dir='ltr'><strong>Monachum</strong></span> <span class='ocrx_word' id='word_1_333' title='bbox 2548 4440 2868 4553; x_wconf 89' lang='lat' dir='ltr'><strong>propria</strong></span> <span class='ocrx_word' id='word_1_334' title='bbox 2922 4438 3405 4521; x_wconf 90' lang='lat' dir='ltr'><strong>auctoritate</strong></span> <span class='ocrx_word' id='word_1_335' title='bbox 3454 4467 3501 4520; x_wconf 91' lang='lat' dir='ltr'><strong>e</strong></span> <span class='ocrx_word' id='word_1_336' title='bbox 3561 4434 4060 4518; x_wconf 84' lang='lat' dir='ltr'><strong>Monasterio</strong></span> <span class='ocrx_word' id='word_1_337' title='bbox 4123 4437 4462 4549; x_wconf 88' lang='lat' dir='ltr'><strong>ejecerit</strong></span> 
     </span>
     <span class='ocr_line' id='line_1_35' title="bbox 1082 4548 4456 4668; baseline 0.003 -39"><span class='ocrx_word' id='word_1_338' title='bbox 1082 4549 1260 4631; x_wconf 84' lang='lat' dir='ltr'><strong>sine</strong></span> <span class='ocrx_word' id='word_1_339' title='bbox 1324 4548 1652 4635; x_wconf 88' lang='lat' dir='ltr'><strong>licentia</strong></span> <span class='ocrx_word' id='word_1_340' title='bbox 1704 4549 2056 4638; x_wconf 83' lang='lat' dir='ltr'><strong>Abbatis</strong></span> <span class='ocrx_word' id='word_1_341' title='bbox 2106 4554 2559 4645; x_wconf 83' lang='lat' dir='ltr'><strong>Generalis.</strong></span> <span class='ocrx_word' id='word_1_342' title='bbox 2626 4558 2708 4642; x_wconf 93' lang='lat' dir='ltr'><strong>Si</strong></span> <span class='ocrx_word' id='word_1_343' title='bbox 2760 4561 3027 4644; x_wconf 90' lang='lat' dir='ltr'><strong>sciens</strong></span> <span class='ocrx_word' id='word_1_344' title='bbox 3090 4576 3174 4640; x_wconf 89' lang='lat' dir='ltr'><strong>et</strong></span> <span class='ocrx_word' id='word_1_345' title='bbox 3234 4555 3519 4641; x_wconf 87' lang='lat' dir='ltr'><strong>volens</strong></span> <span class='ocrx_word' id='word_1_346' title='bbox 3592 4552 4024 4639; x_wconf 89' lang='lat' dir='ltr'><strong>Novitium</strong></span> <span class='ocrx_word' id='word_1_347' title='bbox 4107 4552 4456 4668; x_wconf 87' lang='lat' dir='ltr'><strong>impedi-</strong></span> 
     </span>
     <span class='ocr_line' id='line_1_36' title="bbox 1085 4668 4461 4788; baseline 0.004 -40"><span class='ocrx_word' id='word_1_348' title='bbox 1085 4689 1460 4750; x_wconf 90' lang='lat' dir='ltr'><strong>mentum</strong></span> <span class='ocrx_word' id='word_1_349' title='bbox 1519 4668 1854 4788; x_wconf 89' lang='lat' dir='ltr'><strong>aliquod</strong></span> <span class='ocrx_word' id='word_1_350' title='bbox 1905 4671 2346 4762; x_wconf 87' lang='lat' dir='ltr'><strong>habentem</strong></span> <span class='ocrx_word' id='word_1_351' title='bbox 2418 4675 2895 4779; x_wconf 86' lang='lat' dir='ltr'><strong>admiserit,</strong></span> <span class='ocrx_word' id='word_1_352' title='bbox 2960 4706 3115 4761; x_wconf 90' lang='lat' dir='ltr'><strong>nec</strong></span> <span class='ocrx_word' id='word_1_353' title='bbox 3179 4671 3651 4771; x_wconf 83' lang='lat' dir='ltr'><strong>facultatem</strong></span> <span class='ocrx_word' id='word_1_354' title='bbox 3715 4670 4157 4779; x_wconf 88' lang='lat' dir='ltr'><strong>habuerit,</strong></span> <span class='ocrx_word' id='word_1_355' title='bbox 4225 4674 4357 4760; x_wconf 86' lang='lat' dir='ltr'><strong>vel</strong></span> <span class='ocrx_word' id='word_1_356' title='bbox 4413 4709 4461 4762; x_wconf 92' lang='lat' dir='ltr'><strong>a</strong></span> 
     </span>
     <span class='ocr_line' id='line_1_37' title="bbox 1082 4785 4465 4907; baseline 0.004 -39"><span class='ocrx_word' id='word_1_357' title='bbox 1082 4785 1452 4895; x_wconf 88' lang='lat' dir='ltr'><strong>legitimo</strong></span> <span class='ocrx_word' id='word_1_358' title='bbox 1502 4787 1941 4902; x_wconf 89' lang='lat' dir='ltr'><strong>Superiore</strong></span> <span class='ocrx_word' id='word_1_359' title='bbox 1986 4793 2461 4885; x_wconf 89' lang='lat' dir='ltr'><strong>obtinuerit.</strong></span> <span class='ocrx_word' id='word_1_360' title='bbox 2513 4802 2595 4882; x_wconf 90' lang='lat' dir='ltr'><strong>Si</strong></span> <span class='ocrx_word' id='word_1_361' title='bbox 2646 4798 3005 4907; x_wconf 84' lang='lat' dir='ltr'><strong>sigillum</strong></span> <span class='ocrx_word' id='word_1_362' title='bbox 3055 4790 3610 4879; x_wconf 84' lang='lat' dir='ltr'><strong>Confessionis</strong></span> <span class='ocrx_word' id='word_1_363' title='bbox 3646 4790 4000 4903; x_wconf 81' lang='lat' dir='ltr'><strong>fregerit.</strong></span> <span class='ocrx_word' id='word_1_364' title='bbox 4055 4797 4139 4883; x_wconf 90' lang='lat' dir='ltr'><strong>Si</strong></span> <span class='ocrx_word' id='word_1_365' title='bbox 4192 4792 4465 4881; x_wconf 89' lang='lat' dir='ltr'><strong>literas</strong></span> 
     </span>
     <span class='ocr_line' id='line_1_38' title="bbox 1079 4908 4461 5028; baseline 0.003 -38"><span class='ocrx_word' id='word_1_366' title='bbox 1079 4910 1418 4993; x_wconf 89' lang='lat' dir='ltr'><strong>nomine</strong></span> <span class='ocrx_word' id='word_1_367' title='bbox 1469 4908 1818 4997; x_wconf 87' lang='lat' dir='ltr'><strong>Abbatis</strong></span> <span class='ocrx_word' id='word_1_368' title='bbox 1878 4910 2359 5022; x_wconf 87' lang='lat' dir='ltr'><strong>Generalis,</strong></span> <span class='ocrx_word' id='word_1_369' title='bbox 2415 4921 2542 5007; x_wconf 87' lang='lat' dir='ltr'><strong>vel</strong></span> <span class='ocrx_word' id='word_1_370' title='bbox 2598 4918 3319 5028; x_wconf 88' lang='lat' dir='ltr'><strong>Hegumenorum,</strong></span> <span class='ocrx_word' id='word_1_371' title='bbox 3388 4913 3525 4999; x_wconf 91' lang='lat' dir='ltr'><strong>vel</strong></span> <span class='ocrx_word' id='word_1_372' title='bbox 3573 4911 3979 5025; x_wconf 87' lang='lat' dir='ltr'><strong>Congreg.</strong></span> <span class='ocrx_word' id='word_1_373' title='bbox 4034 4913 4461 5001; x_wconf 88' lang='lat' dir='ltr'><strong>Generalis</strong></span> 
     </span>
     <span class='ocr_line' id='line_1_39' title="bbox 1081 5024 4459 5147; baseline 0.004 -37"><span class='ocrx_word' id='word_1_374' title='bbox 1081 5024 1597 5133; x_wconf 84' lang='lat' dir='ltr'><strong>confinxerit,</strong></span> <span class='ocrx_word' id='word_1_375' title='bbox 1645 5052 1788 5118; x_wconf 90' lang='lat' dir='ltr'><strong>aut</strong></span> <span class='ocrx_word' id='word_1_376' title='bbox 1838 5036 2172 5122; x_wconf 89' lang='lat' dir='ltr'><strong>nomine</strong></span> <span class='ocrx_word' id='word_1_377' title='bbox 2237 5037 2871 5128; x_wconf 88' lang='lat' dir='ltr'><strong>Monachorum.</strong></span> <span class='ocrx_word' id='word_1_378' title='bbox 2942 5036 3026 5122; x_wconf 91' lang='lat' dir='ltr'><strong>Si</strong></span> <span class='ocrx_word' id='word_1_379' title='bbox 3075 5035 3345 5121; x_wconf 89' lang='lat' dir='ltr'><strong>literas</strong></span> <span class='ocrx_word' id='word_1_380' title='bbox 3405 5031 3509 5119; x_wconf 89' lang='lat' dir='ltr'><strong>ad</strong></span> <span class='ocrx_word' id='word_1_381' title='bbox 3586 5032 4062 5147; x_wconf 86' lang='lat' dir='ltr'><strong>Superiores</strong></span> <span class='ocrx_word' id='word_1_382' title='bbox 4109 5033 4459 5122; x_wconf 88' lang='lat' dir='ltr'><strong>directas</strong></span> 
     </span>
     <span class='ocr_line' id='line_1_40' title="bbox 1085 5148 4453 5268; baseline 0.003 -38"><span class='ocrx_word' id='word_1_383' title='bbox 1085 5148 1668 5260; x_wconf 83' lang='lat' dir='ltr'><strong>interceperit,</strong></span> <span class='ocrx_word' id='word_1_384' title='bbox 1730 5151 1867 5239; x_wconf 89' lang='lat' dir='ltr'><strong>vel</strong></span> <span class='ocrx_word' id='word_1_385' title='bbox 1941 5159 2402 5267; x_wconf 88' lang='lat' dir='ltr'><strong>aperuerit,</strong></span> <span class='ocrx_word' id='word_1_386' title='bbox 2456 5186 2541 5247; x_wconf 88' lang='lat' dir='ltr'><strong>et</strong></span> <span class='ocrx_word' id='word_1_387' title='bbox 2600 5161 2909 5268; x_wconf 88' lang='lat' dir='ltr'><strong>legerit.</strong></span> <span class='ocrx_word' id='word_1_388' title='bbox 2976 5157 3059 5242; x_wconf 89' lang='lat' dir='ltr'><strong>Si</strong></span> <span class='ocrx_word' id='word_1_389' title='bbox 3131 5152 3682 5258; x_wconf 82' lang='lat' dir='ltr'><strong>veneficium,</strong></span> <span class='ocrx_word' id='word_1_390' title='bbox 3747 5155 4388 5243; x_wconf 89' lang='lat' dir='ltr'><strong>incantationem</strong></span> <span class='ocrx_word' id='word_1_391' title='bbox 4426 5220 4453 5262; x_wconf 91' lang='lat'><strong>,</strong></span> 
     </span>
     <span class='ocr_line' id='line_1_41' title="bbox 1075 5268 4465 5392; baseline 0.004 -42"><span class='ocrx_word' id='word_1_392' title='bbox 1075 5268 1578 5378; x_wconf 84' lang='lat' dir='ltr'><strong>sortilegium</strong></span> <span class='ocrx_word' id='word_1_393' title='bbox 1615 5331 1643 5373; x_wconf 89' lang='lat'><strong>,</strong></span> <span class='ocrx_word' id='word_1_394' title='bbox 1709 5279 2382 5385; x_wconf 86' lang='lat' dir='ltr'><strong>necromantiam,</strong></span> <span class='ocrx_word' id='word_1_395' title='bbox 2444 5306 2590 5366; x_wconf 90' lang='lat' dir='ltr'><strong>aut</strong></span> <span class='ocrx_word' id='word_1_396' title='bbox 2659 5280 2853 5365; x_wconf 87' lang='lat' dir='ltr'><strong>alias</strong></span> <span class='ocrx_word' id='word_1_397' title='bbox 2902 5273 3381 5392; x_wconf 85' lang='lat' dir='ltr'><strong>hujusmodi</strong></span> <span class='ocrx_word' id='word_1_398' title='bbox 3436 5272 3909 5359; x_wconf 87' lang='lat' dir='ltr'><strong>Diabolicas</strong></span> <span class='ocrx_word' id='word_1_399' title='bbox 3968 5295 4177 5361; x_wconf 76' lang='lat' dir='ltr'><strong>artes</strong></span> <span class='ocrx_word' id='word_1_400' title='bbox 4239 5306 4465 5363; x_wconf 82' lang='lat' dir='ltr'><strong>exer-</strong></span> 
     </span>
     <span class='ocr_line' id='line_1_42' title="bbox 1073 5387 4459 5515; baseline 0.003 -44"><span class='ocrx_word' id='word_1_401' title='bbox 1073 5390 1364 5483; x_wconf 80' lang='lat' dir='ltr'><strong>cuerit.</strong></span> <span class='ocrx_word' id='word_1_402' title='bbox 1430 5387 1515 5471; x_wconf 91' lang='lat' dir='ltr'><strong>Si</strong></span> <span class='ocrx_word' id='word_1_403' title='bbox 1570 5388 1928 5501; x_wconf 87' lang='lat' dir='ltr'><strong>legitime</strong></span> <span class='ocrx_word' id='word_1_404' title='bbox 1976 5399 2402 5485; x_wconf 90' lang='lat' dir='ltr'><strong>convictus</strong></span> <span class='ocrx_word' id='word_1_405' title='bbox 2450 5399 2700 5487; x_wconf 85' lang='lat' dir='ltr'><strong>fuerit</strong></span> <span class='ocrx_word' id='word_1_406' title='bbox 2747 5419 3175 5515; x_wconf 89' lang='lat' dir='ltr'><strong>peccatum</strong></span> <span class='ocrx_word' id='word_1_407' title='bbox 3225 5396 3488 5482; x_wconf 89' lang='lat' dir='ltr'><strong>carnis</strong></span> <span class='ocrx_word' id='word_1_408' title='bbox 3524 5390 3964 5480; x_wconf 85' lang='lat' dir='ltr'><strong>admisisse.</strong></span> <span class='ocrx_word' id='word_1_409' title='bbox 4006 5393 4091 5479; x_wconf 85' lang='lat' dir='ltr'><strong>Si</strong></span> <span class='ocrx_word' id='word_1_410' title='bbox 4140 5400 4459 5513; x_wconf 86' lang='lat' dir='ltr'><strong>conspi-</strong></span> 
     </span>
     <span class='ocr_line' id='line_1_43' title="bbox 1083 5509 4461 5623; baseline 0.004 -32"><span class='ocrx_word' id='word_1_411' title='bbox 1083 5509 1480 5594; x_wconf 88' lang='lat' dir='ltr'><strong>rationem</strong></span> <span class='ocrx_word' id='word_1_412' title='bbox 1546 5510 1632 5594; x_wconf 91' lang='lat' dir='ltr'><strong>in</strong></span> <span class='ocrx_word' id='word_1_413' title='bbox 1683 5509 2100 5600; x_wconf 88' lang='lat' dir='ltr'><strong>Abbatem</strong></span> <span class='ocrx_word' id='word_1_414' title='bbox 2168 5514 2661 5608; x_wconf 90' lang='lat' dir='ltr'><strong>Generalem</strong></span> <span class='ocrx_word' id='word_1_415' title='bbox 2726 5521 3059 5606; x_wconf 86' lang='lat' dir='ltr'><strong>molitus</strong></span> <span class='ocrx_word' id='word_1_416' title='bbox 3108 5514 3379 5602; x_wconf 85' lang='lat' dir='ltr'><strong>fuerit.</strong></span> <span class='ocrx_word' id='word_1_417' title='bbox 3459 5515 3543 5599; x_wconf 90' lang='lat' dir='ltr'><strong>Si</strong></span> <span class='ocrx_word' id='word_1_418' title='bbox 3596 5512 4296 5623; x_wconf 77' lang='lat' dir='ltr'><strong>machinationes,</strong></span> <span class='ocrx_word' id='word_1_419' title='bbox 4374 5541 4461 5604; x_wconf 88' lang='lat' dir='ltr'><strong>et</strong></span> 
     </span>
     <span class='ocr_line' id='line_1_44' title="bbox 1055 5626 4549 5737; baseline 0.003 -22"><span class='ocrx_word' id='word_1_420' title='bbox 1055 5626 1509 5735; x_wconf 78' lang='lat' dir='ltr'><strong>,schismata</strong></span> <span class='ocrx_word' id='word_1_421' title='bbox 1569 5626 1680 5716; x_wconf 83' lang='lat' dir='ltr'><strong>ad</strong></span> <span class='ocrx_word' id='word_1_422' title='bbox 1747 5626 2388 5729; x_wconf 77' lang='lat' dir='ltr'><strong>destructionem</strong></span> <span class='ocrx_word' id='word_1_423' title='bbox 2440 5642 2574 5732; x_wconf 87' lang='lat' dir='ltr'><strong>vel</strong></span> <span class='ocrx_word' id='word_1_424' title='bbox 2642 5641 3133 5734; x_wconf 87' lang='lat' dir='ltr'><strong>divisionem</strong></span> <span class='ocrx_word' id='word_1_425' title='bbox 3214 5632 3559 5722; x_wconf 87' lang='lat' dir='ltr'><strong>Ordinis</strong></span> <span class='ocrx_word' id='word_1_426' title='bbox 3637 5636 4204 5737; x_wconf 79' lang='lat' dir='ltr'><strong>attentaverit.</strong></span> <span class='ocrx_word' id='word_1_427' title='bbox 4274 5637 4357 5723; x_wconf 88' lang='lat' dir='ltr'><strong>Si</strong></span> <span class='ocrx_word' id='word_1_428' title='bbox 4407 5672 4454 5724; x_wconf 90' lang='lat' dir='ltr'><strong>a</strong></span> <span class='ocrx_word' id='word_1_429' title='bbox 4538 5638 4549 5647; x_wconf 86' lang='grc'>’</span> 
     </span>
    </p>
   </div>
  </div>
 </body>
</html>
