<?xml version="1.0" encoding="UTF-8"?>
<!DOCTYPE html PUBLIC "-//W3C//DTD XHTML 1.0 Transitional//EN"
    "http://www.w3.org/TR/xhtml1/DTD/xhtml1-transitional.dtd">
<html xmlns="http://www.w3.org/1999/xhtml" xml:lang="en" lang="en">
 <head>
  <title>
</title>
<meta http-equiv="Content-Type" content="text/html;charset=utf-8" />
  <meta name='ocr-system' content='tesseract 3.04.00' />
  <meta name='ocr-capabilities' content='ocr_page ocr_carea ocr_par ocr_line ocrx_word'/>
</head>
<body>
  <div class='ocr_page' id='page_1' title='image "./bullariumpontif00fidegoog_0397.png"; bbox 0 0 4834 6409; ppageno 0'>
   <div class='ocr_carea' id='block_1_1' title="bbox 405 580 3800 1792">
    <p class='ocr_par' dir='ltr' id='par_1_1' title="bbox 405 580 3800 1792">
     <span class='ocr_line' id='line_1_1' title="bbox 405 580 3788 710; baseline -0.007 -16"><span class='ocrx_word' id='word_1_1' title='bbox 405 595 1264 695; x_wconf 73' lang='lat' dir='ltr'>Fratrum-consortio</span> <span class='ocrx_word' id='word_1_2' title='bbox 1316 596 1740 710; x_wconf 87' lang='lat' dir='ltr'>sejunctus</span> <span class='ocrx_word' id='word_1_3' title='bbox 1807 586 1913 677; x_wconf 87' lang='lat' dir='ltr'>ad</span> <span class='ocrx_word' id='word_1_4' title='bbox 1965 589 2690 708; x_wconf 84' lang='lat' dir='ltr'>aliquos‘menses.</span> <span class='ocrx_word' id='word_1_5' title='bbox 2751 589 2878 678; x_wconf 89' lang='lat' dir='ltr'>Ne</span> <span class='ocrx_word' id='word_1_6' title='bbox 2939 611 3213 676; x_wconf 86' lang='lat' dir='ltr'>tamen</span> <span class='ocrx_word' id='word_1_7' title='bbox 3302 580 3788 703; x_wconf 80' lang='lat' dir='ltr'>hujusmodi</span> 
     </span>
     <span class='ocr_line' id='line_1_2' title="bbox 405 709 3787 843; baseline -0.006 -30"><span class='ocrx_word' id='word_1_8' title='bbox 405 728 844 843; x_wconf 85' lang='lat' dir='ltr'>poenitens</span> <span class='ocrx_word' id='word_1_9' title='bbox 892 732 1230 834; x_wconf 83' lang='lat' dir='ltr'>propter</span> <span class='ocrx_word' id='word_1_10' title='bbox 1283 716 1891 830; x_wconf 82' lang='lat' dir='ltr'>impatientiam</span> <span class='ocrx_word' id='word_1_11' title='bbox 1942 742 2176 799; x_wconf 84' lang='lat' dir='ltr'>suam</span> <span class='ocrx_word' id='word_1_12' title='bbox 2242 713 2328 796; x_wconf 90' lang='lat' dir='ltr'>in</span> <span class='ocrx_word' id='word_1_13' title='bbox 2382 709 3032 825; x_wconf 80' lang='lat' dir='ltr'><strong>desperationem</strong></span> <span class='ocrx_word' id='word_1_14' title='bbox 3087 735 3479 824; x_wconf 86' lang='lat' dir='ltr'>praeceps</span> <span class='ocrx_word' id='word_1_15' title='bbox 3522 728 3787 811; x_wconf 87' lang='lat' dir='ltr'>.rnat·‚</span> 
     </span>
     <span class='ocr_line' id='line_1_3' title="bbox 409 823 3797 954; baseline -0.007 -21"><span class='ocrx_word' id='word_1_16' title='bbox 409 838 842 933; x_wconf 69' lang='lat' dir='ltr'>mittatlad</span> <span class='ocrx_word' id='word_1_17' title='bbox 890 869 1087 926; x_wconf 86' lang='lat' dir='ltr'>eum</span> <span class='ocrx_word' id='word_1_18' title='bbox 1138 834 1642 954; x_wconf 83' lang='lat' dir='ltr'>quandoque</span> <span class='ocrx_word' id='word_1_19' title='bbox 1692 834 2086 946; x_wconf 83' lang='lat' dir='ltr'>Superior</span> <span class='ocrx_word' id='word_1_20' title='bbox 2136 832 2415 917; x_wconf 88' lang='lat' dir='ltr'>Patres</span> <span class='ocrx_word' id='word_1_21' title='bbox 2465 836 2818 919; x_wconf 82' lang='lat' dir='ltr'>seniores</span> <span class='ocrx_word' id='word_1_22' title='bbox 2853 897 2882 936; x_wconf 86' lang='lat'>,</span> <span class='ocrx_word' id='word_1_23' title='bbox 2946 833 3090 951; x_wconf 89' lang='lat' dir='ltr'>qui</span> <span class='ocrx_word' id='word_1_24' title='bbox 3160 830 3398 915; x_wconf 87' lang='lat' dir='ltr'>illum</span> <span class='ocrx_word' id='word_1_25' title='bbox 3464 823 3797 913; x_wconf 77' lang='lat' dir='ltr'>blandis</span> 
     </span>
     <span class='ocr_line' id='line_1_4' title="bbox 409 947 3786 1070; baseline -0.007 -18"><span class='ocrx_word' id='word_1_26' title='bbox 409 964 691 1065; x_wconf 66' lang='lat' dir='ltr'>verbis</span> <span class='ocrx_word' id='word_1_27' title='bbox 740 980 1320 1048; x_wconf 87' lang='lat' dir='ltr'>commoneant</span> <span class='ocrx_word' id='word_1_28' title='bbox 1380 953 1481 1042; x_wconf 89' lang='lat' dir='ltr'>ad</span> <span class='ocrx_word' id='word_1_29' title='bbox 1536 955 2173 1070; x_wconf 86' lang='lat' dir='ltr'>poenitentiam,</span> <span class='ocrx_word' id='word_1_30' title='bbox 2223 976 2305 1039; x_wconf 87' lang='lat' dir='ltr'>et</span> <span class='ocrx_word' id='word_1_31' title='bbox 2354 978 2804 1067; x_wconf 82' lang='lat' dir='ltr'>provocent</span> <span class='ocrx_word' id='word_1_32' title='bbox 2853 953 2959 1039; x_wconf 91' lang='lat' dir='ltr'>ad</span> <span class='ocrx_word' id='word_1_33' title='bbox 3014 951 3493 1068; x_wconf 85' lang='lat' dir='ltr'>patientiam</span> <span class='ocrx_word' id='word_1_34' title='bbox 3544 980 3563 1030; x_wconf 73' lang='grc' dir='ltr'><strong><em>τ</em></strong></span> <span class='ocrx_word' id='word_1_35' title='bbox 3620 947 3691 1031; x_wconf 91' lang='lat' dir='ltr'>F</span> <span class='ocrx_word' id='word_1_36' title='bbox 3699 977 3786 1030; x_wconf 57' lang='lat' dir='ltr'>oz-</span> 
     </span>
     <span class='ocr_line' id='line_1_5' title="bbox 412 1070 3799 1195; baseline -0.006 -24"><span class='ocrx_word' id='word_1_37' title='bbox 412 1107 667 1171; x_wconf 87' lang='lat' dir='ltr'>veant</span> <span class='ocrx_word' id='word_1_38' title='bbox 714 1113 861 1195; x_wconf 90' lang='lat' dir='ltr'>per</span> <span class='ocrx_word' id='word_1_39' title='bbox 910 1075 1550 1167; x_wconf 78' lang='lat' dir='ltr'>consolationem</span> <span class='ocrx_word' id='word_1_40' title='bbox 1580 1140 1603 1183; x_wconf 88' lang='lat'>,</span> <span class='ocrx_word' id='word_1_41' title='bbox 1657 1101 1742 1162; x_wconf 90' lang='lat' dir='ltr'>et</span> <span class='ocrx_word' id='word_1_42' title='bbox 1793 1070 2192 1160; x_wconf 84' lang='lat' dir='ltr'>inducant</span> <span class='ocrx_word' id='word_1_43' title='bbox 2240 1070 2346 1157; x_wconf 89' lang='lat' dir='ltr'>ad</span> <span class='ocrx_word' id='word_1_44' title='bbox 2410 1071 3102 1160; x_wconf 84' lang='lat' dir='ltr'>emendationem.</span> <span class='ocrx_word' id='word_1_45' title='bbox 3146 1072 3606 1179; x_wconf 74' lang='lat' dir='ltr'>=Recogitet</span> <span class='ocrx_word' id='word_1_46' title='bbox 3654 1098 3799 1153; x_wconf 81' lang='lat' dir='ltr'>au-</span> 
     </span>
     <span class='ocr_line' id='line_1_6' title="bbox 419 1187 3798 1314; baseline -0.007 -21"><span class='ocrx_word' id='word_1_47' title='bbox 419 1202 989 1305; x_wconf 78' lang='lat' dir='ltr'>tem.AbbaS‚</span> <span class='ocrx_word' id='word_1_48' title='bbox 1058 1198 1390 1314; x_wconf 84' lang='lat' dir='ltr'>qualem</span> <span class='ocrx_word' id='word_1_49' title='bbox 1445 1196 1628 1283; x_wconf 89' lang='lat' dir='ltr'>Deo</span> <span class='ocrx_word' id='word_1_50' title='bbox 1701 1198 1802 1280; x_wconf 92' lang='lat' dir='ltr'>sit</span> <span class='ocrx_word' id='word_1_51' title='bbox 1868 1197 2037 1307; x_wconf 89' lang='lat' dir='ltr'>ipse</span> <span class='ocrx_word' id='word_1_52' title='bbox 2111 1191 2586 1278; x_wconf 86' lang='lat' dir='ltr'>redditurus</span> <span class='ocrx_word' id='word_1_53' title='bbox 2651 1199 3048 1280; x_wconf 89' lang='lat' dir='ltr'>rationem</span> <span class='ocrx_word' id='word_1_54' title='bbox 3100 1258 3129 1296; x_wconf 83' lang='lat'>,</span> <span class='ocrx_word' id='word_1_55' title='bbox 3214 1192 3282 1276; x_wconf 80' lang='lat' dir='ltr'>si</span> <span class='ocrx_word' id='word_1_56' title='bbox 3361 1187 3572 1276; x_wconf 88' lang='lat' dir='ltr'>sorte</span> <span class='ocrx_word' id='word_1_57' title='bbox 3650 1218 3798 1272; x_wconf 86' lang='lat' dir='ltr'>sua</span> 
     </span>
     <span class='ocr_line' id='line_1_7' title="bbox 413 1306 3795 1438; baseline -0.004 -29"><span class='ocrx_word' id='word_1_58' title='bbox 413 1323 927 1438; x_wconf 80' lang='lat' dir='ltr'>impatientia</span> <span class='ocrx_word' id='word_1_59' title='bbox 979 1382 1004 1425; x_wconf 89' lang='lat'>,</span> <span class='ocrx_word' id='word_1_60' title='bbox 1071 1342 1166 1405; x_wconf 82' lang='lat' dir='ltr'>et-</span> <span class='ocrx_word' id='word_1_61' title='bbox 1201 1314 1706 1434; x_wconf 79' lang='lat' dir='ltr'>imprudenti</span> <span class='ocrx_word' id='word_1_62' title='bbox 1760 1317 2191 1401; x_wconf 83' lang='lat' dir='ltr'>severitate</span> <span class='ocrx_word' id='word_1_63' title='bbox 2258 1314 2630 1399; x_wconf 75' lang='lat' dir='ltr'>Fratrem</span> <span class='ocrx_word' id='word_1_64' title='bbox 2688 1313 3033 1427; x_wconf 77' lang='lat' dir='ltr'>perdat,</span> <span class='ocrx_word' id='word_1_65' title='bbox 3098 1343 3248 1427; x_wconf 87' lang='lat' dir='ltr'>pro</span> <span class='ocrx_word' id='word_1_66' title='bbox 3309 1316 3479 1428; x_wconf 85' lang='lat' dir='ltr'>quo</span> <span class='ocrx_word' id='word_1_67' title='bbox 3550 1306 3795 1395; x_wconf 81' lang='lat' dir='ltr'>Chri-</span> 
     </span>
     <span class='ocr_line' id='line_1_8' title="bbox 421 1432 3800 1552; baseline -0.006 -23"><span class='ocrx_word' id='word_1_68' title='bbox 421 1468 594 1529; x_wconf 85' lang='lat' dir='ltr'>stus</span> <span class='ocrx_word' id='word_1_69' title='bbox 660 1462 1035 1529; x_wconf 89' lang='lat' dir='ltr'>mortuus</span> <span class='ocrx_word' id='word_1_70' title='bbox 1093 1460 1236 1524; x_wconf 83' lang='lat' dir='ltr'>est.</span> <span class='ocrx_word' id='word_1_71' title='bbox 1303 1436 1952 1552; x_wconf 74' lang='lat' dir='ltr'>Memineritque,</span> <span class='ocrx_word' id='word_1_72' title='bbox 2011 1432 2403 1523; x_wconf 84' lang='lat' dir='ltr'>Sanctum</span> <span class='ocrx_word' id='word_1_73' title='bbox 2488 1434 2813 1520; x_wconf 86' lang='lat' dir='ltr'>Patrem</span> <span class='ocrx_word' id='word_1_74' title='bbox 2891 1460 3261 1519; x_wconf 88' lang='lat' dir='ltr'>nostrum</span> <span class='ocrx_word' id='word_1_75' title='bbox 3308 1433 3800 1515; x_wconf 67' lang='lat' dir='ltr'>Antonium</span> 
     </span>
     <span class='ocr_line' id='line_1_9' title="bbox 423 1550 3795 1675; baseline -0.004 -28"><span class='ocrx_word' id='word_1_76' title='bbox 423 1567 760 1669; x_wconf 76' lang='lat' dir='ltr'>solitum</span> <span class='ocrx_word' id='word_1_77' title='bbox 807 1558 1056 1645; x_wconf 84' lang='lat' dir='ltr'>fuisse</span> <span class='ocrx_word' id='word_1_78' title='bbox 1119 1557 1445 1645; x_wconf 64' lang='lat' dir='ltr'>dicere:</span> <span class='ocrx_word' id='word_1_79' title='bbox 1507 1556 1888 1642; x_wconf 81' lang='lat' dir='ltr'>Fratrem</span> <span class='ocrx_word' id='word_1_80' title='bbox 1958 1556 2044 1639; x_wconf 90' lang='lat' dir='ltr'>in</span> <span class='ocrx_word' id='word_1_81' title='bbox 2087 1568 2346 1675; x_wconf 82' lang='lat' dir='ltr'>aquas</span> <span class='ocrx_word' id='word_1_82' title='bbox 2399 1556 2714 1666; x_wconf 85' lang='lat' dir='ltr'>lapsum</span> <span class='ocrx_word' id='word_1_83' title='bbox 2752 1619 2775 1662; x_wconf 87' lang='lat'>,</span> <span class='ocrx_word' id='word_1_84' title='bbox 2851 1550 3338 1667; x_wconf 85' lang='lat' dir='ltr'>erigendum</span> <span class='ocrx_word' id='word_1_85' title='bbox 3387 1566 3592 1658; x_wconf 76' lang='lat' dir='ltr'>esse,</span> <span class='ocrx_word' id='word_1_86' title='bbox 3628 1576 3795 1635; x_wconf 90' lang='lat' dir='ltr'>non</span> 
     </span>
     <span class='ocr_line' id='line_1_10' title="bbox 432 1668 3768 1792; baseline -0.006 -24"><span class='ocrx_word' id='word_1_87' title='bbox 432 1681 535 1768; x_wconf 92' lang='lat' dir='ltr'>ad</span> <span class='ocrx_word' id='word_1_88' title='bbox 594 1678 1114 1791; x_wconf 81' lang='lat' dir='ltr'>naufragium</span> <span class='ocrx_word' id='word_1_89' title='bbox 1161 1675 1788 1792; x_wconf 88' lang='lat' dir='ltr'>impellendum.</span> <span class='ocrx_word' id='word_1_90' title='bbox 3548 1668 3561 1687; x_wconf 80' lang='grc'><strong>’</strong></span> <span class='ocrx_word' id='word_1_91' title='bbox 3760 1704 3768 1713; x_wconf 85' lang='lat'><strong>·</strong></span> 
     </span>
    </p>
   </div>
   <div class='ocr_carea' id='block_1_2' title="bbox 1781 1916 2585 2051">
    <p class='ocr_par' dir='ltr' id='par_1_2' title="bbox 1781 1916 2585 2051">
     <span class='ocr_line' id='line_1_11' title="bbox 1781 1916 2585 2051; baseline -0.002 -49"><span class='ocrx_word' id='word_1_92' title='bbox 1781 1917 1851 2002; x_wconf 90' lang='lat' dir='ltr'>C</span> <span class='ocrx_word' id='word_1_93' title='bbox 1921 1918 1995 2001; x_wconf 91' lang='lat' dir='ltr'>A</span> <span class='ocrx_word' id='word_1_94' title='bbox 2061 1917 2151 2001; x_wconf 91' lang='lat' dir='ltr'>P.</span> <span class='ocrx_word' id='word_1_95' title='bbox 2271 1916 2458 2000; x_wconf 86' lang='lat' dir='ltr'>VII.</span> <span class='ocrx_word' id='word_1_96' title='bbox 2578 2043 2585 2051; x_wconf 23' lang='lat'>.</span> 
     </span>
    </p>
   </div>
   <div class='ocr_carea' id='block_1_3' title="bbox 1309 2157 2959 2271">
    <p class='ocr_par' dir='ltr' id='par_1_3' title="bbox 1309 2157 2959 2271">
     <span class='ocr_line' id='line_1_12' title="bbox 1309 2157 2959 2271; baseline -0.002 -27"><span class='ocrx_word' id='word_1_97' title='bbox 1309 2160 1448 2244; x_wconf 88' lang='lat' dir='ltr'>De</span> <span class='ocrx_word' id='word_1_98' title='bbox 1505 2157 1797 2271; x_wconf 82' lang='lat' dir='ltr'>Culpis</span> <span class='ocrx_word' id='word_1_99' title='bbox 1830 2220 1853 2263; x_wconf 93' lang='lat'>,</span> <span class='ocrx_word' id='word_1_100' title='bbox 1905 2175 1985 2242; x_wconf 83' lang='lat' dir='ltr'>et</span> <span class='ocrx_word' id='word_1_101' title='bbox 2036 2158 2342 2243; x_wconf 80' lang='lat' dir='ltr'>Poenis</span> <span class='ocrx_word' id='word_1_102' title='bbox 2391 2158 2959 2271; x_wconf 77' lang='lat' dir='ltr'>Superiorum.</span> 
     </span>
    </p>
   </div>
   <div class='ocr_carea' id='block_1_4' title="bbox 440 2396 3854 5632">
    <p class='ocr_par' dir='ltr' id='par_1_4' title="bbox 440 2396 3854 5632">
     <span class='ocr_line' id='line_1_13' title="bbox 558 2396 3814 2519; baseline -0.002 -34"><span class='ocrx_word' id='word_1_103' title='bbox 558 2403 624 2487; x_wconf 84' lang='grc' dir='ltr'>Ι.</span> <span class='ocrx_word' id='word_1_104' title='bbox 696 2401 1299 2519; x_wconf 79' lang='lat' dir='ltr'>Quaecumque</span> <span class='ocrx_word' id='word_1_105' title='bbox 1364 2396 1470 2485; x_wconf 89' lang='lat' dir='ltr'>de</span> <span class='ocrx_word' id='word_1_106' title='bbox 1533 2399 1756 2500; x_wconf 86' lang='lat' dir='ltr'>levi,</span> <span class='ocrx_word' id='word_1_107' title='bbox 1835 2398 2123 2507; x_wconf 80' lang='lat' dir='ltr'>gravi,</span> <span class='ocrx_word' id='word_1_108' title='bbox 2189 2401 2605 2507; x_wconf 81' lang='lat' dir='ltr'>graviori,</span> <span class='ocrx_word' id='word_1_109' title='bbox 2671 2421 2757 2484; x_wconf 86' lang='lat' dir='ltr'>et</span> <span class='ocrx_word' id='word_1_110' title='bbox 2805 2401 3275 2507; x_wconf 86' lang='lat' dir='ltr'>gravissima</span> <span class='ocrx_word' id='word_1_111' title='bbox 3354 2396 3594 2510; x_wconf 92' lang='lat' dir='ltr'>culpa</span> <span class='ocrx_word' id='word_1_112' title='bbox 3650 2457 3672 2502; x_wconf 95' lang='lat'>,</span> <span class='ocrx_word' id='word_1_113' title='bbox 3727 2418 3814 2481; x_wconf 90' lang='lat' dir='ltr'>et</span> 
     </span>
     <span class='ocr_line' id='line_1_14' title="bbox 440 2514 3815 2638; baseline -0.003 -32"><span class='ocrx_word' id='word_1_114' title='bbox 440 2555 706 2638; x_wconf 84' lang='lat' dir='ltr'>poena</span> <span class='ocrx_word' id='word_1_115' title='bbox 760 2514 976 2606; x_wconf 88' lang='lat' dir='ltr'>dicta</span> <span class='ocrx_word' id='word_1_116' title='bbox 1029 2544 1272 2625; x_wconf 91' lang='lat' dir='ltr'>sunt,</span> <span class='ocrx_word' id='word_1_117' title='bbox 1326 2549 1418 2603; x_wconf 87' lang='lat' dir='ltr'>ea</span> <span class='ocrx_word' id='word_1_118' title='bbox 1483 2516 1590 2602; x_wconf 88' lang='lat' dir='ltr'>de</span> <span class='ocrx_word' id='word_1_119' title='bbox 1655 2516 2236 2632; x_wconf 88' lang='lat' dir='ltr'>Superioribus</span> <span class='ocrx_word' id='word_1_120' title='bbox 2303 2520 2756 2631; x_wconf 79' lang='lat' dir='ltr'>respective</span> <span class='ocrx_word' id='word_1_121' title='bbox 2825 2518 3401 2628; x_wconf 80' lang='lat' dir='ltr'>intelliguntur</span> <span class='ocrx_word' id='word_1_122' title='bbox 3448 2581 3472 2624; x_wconf 94' lang='lat'>,</span> <span class='ocrx_word' id='word_1_123' title='bbox 3524 2520 3652 2603; x_wconf 81' lang='lat' dir='ltr'>ita</span> <span class='ocrx_word' id='word_1_124' title='bbox 3721 2539 3815 2598; x_wconf 91' lang='lat' dir='ltr'>ut</span> 
     </span>
     <span class='ocr_line' id='line_1_15' title="bbox 445 2635 3816 2759; baseline -0.003 -32"><span class='ocrx_word' id='word_1_125' title='bbox 445 2642 1071 2759; x_wconf 84' lang='lat' dir='ltr'>delinquentem</span> <span class='ocrx_word' id='word_1_126' title='bbox 1147 2637 1564 2725; x_wconf 89' lang='lat' dir='ltr'>Abbatem</span> <span class='ocrx_word' id='word_1_127' title='bbox 1619 2638 2094 2722; x_wconf 85' lang='lat' dir='ltr'>Monasterii</span> <span class='ocrx_word' id='word_1_128' title='bbox 2149 2637 2437 2723; x_wconf 86' lang='lat' dir='ltr'>Abbas</span> <span class='ocrx_word' id='word_1_129' title='bbox 2474 2638 2905 2723; x_wconf 83' lang='lat' dir='ltr'>Generalis</span> <span class='ocrx_word' id='word_1_130' title='bbox 2960 2642 3280 2752; x_wconf 86' lang='lat' dir='ltr'>puniat,</span> <span class='ocrx_word' id='word_1_131' title='bbox 3316 2637 3541 2723; x_wconf 84' lang='lat' dir='ltr'>hunc</span> <span class='ocrx_word' id='word_1_132' title='bbox 3578 2635 3816 2720; x_wconf 85' lang='lat' dir='ltr'>&#39;Con-</span> 
     </span>
     <span class='ocr_line' id='line_1_16' title="bbox 445 2752 3817 2874; baseline -0.003 -28"><span class='ocrx_word' id='word_1_133' title='bbox 445 2765 806 2873; x_wconf 78' lang='lat' dir='ltr'>gregatio</span> <span class='ocrx_word' id='word_1_134' title='bbox 856 2759 1335 2844; x_wconf 79' lang='lat' dir='ltr'>Generalis:</span> <span class='ocrx_word' id='word_1_135' title='bbox 1396 2754 1665 2874; x_wconf 88' lang='lat' dir='ltr'>quue</span> <span class='ocrx_word' id='word_1_136' title='bbox 1714 2755 2344 2867; x_wconf 88' lang='lat' dir='ltr'>intelligendum</span> <span class='ocrx_word' id='word_1_137' title='bbox 2399 2755 2505 2843; x_wconf 89' lang='lat' dir='ltr'>de</span> <span class='ocrx_word' id='word_1_138' title='bbox 2556 2760 2846 2870; x_wconf 91' lang='lat' dir='ltr'>poenis</span> <span class='ocrx_word' id='word_1_139' title='bbox 2897 2761 3449 2871; x_wconf 79' lang='lat' dir='ltr'>suspensionis</span> <span class='ocrx_word' id='word_1_140' title='bbox 3498 2758 3604 2842; x_wconf 89' lang='lat' dir='ltr'>ab</span> <span class='ocrx_word' id='word_1_141' title='bbox 3666 2752 3817 2838; x_wconf 76' lang='lat' dir='ltr'>Ofi-</span> 
     </span>
     <span class='ocr_line' id='line_1_17' title="bbox 449 2875 3817 2997; baseline -0.002 -31"><span class='ocrx_word' id='word_1_142' title='bbox 449 2881 691 2985; x_wconf 85' lang='lat' dir='ltr'>ficio,</span> <span class='ocrx_word' id='word_1_143' title='bbox 759 2877 1286 2990; x_wconf 85' lang='lat' dir='ltr'>depositionis</span> <span class='ocrx_word' id='word_1_144' title='bbox 1324 2938 1347 2973; x_wconf 84' lang='lat'>‚</span> <span class='ocrx_word' id='word_1_145' title='bbox 1385 2898 1485 2965; x_wconf 79' lang='lat' dir='ltr'>,et</span> <span class='ocrx_word' id='word_1_146' title='bbox 1535 2879 2011 2990; x_wconf 86' lang='lat' dir='ltr'>privationis</span> <span class='ocrx_word' id='word_1_147' title='bbox 2058 2880 2283 2962; x_wconf 89' lang='lat' dir='ltr'>vocis</span> <span class='ocrx_word' id='word_1_148' title='bbox 2334 2940 2358 2983; x_wconf 94' lang='lat'>,</span> <span class='ocrx_word' id='word_1_149' title='bbox 2432 2877 2652 2983; x_wconf 91' lang='lat' dir='ltr'>loci,</span> <span class='ocrx_word' id='word_1_150' title='bbox 2719 2903 2805 2963; x_wconf 90' lang='lat' dir='ltr'>et</span> <span class='ocrx_word' id='word_1_151' title='bbox 2852 2908 3199 2964; x_wconf 91' lang='lat' dir='ltr'>coronae</span> <span class='ocrx_word' id='word_1_152' title='bbox 3237 2944 3261 2985; x_wconf 91' lang='lat'>,</span> <span class='ocrx_word' id='word_1_153' title='bbox 3331 2875 3436 2962; x_wconf 90' lang='lat' dir='ltr'>de</span> <span class='ocrx_word' id='word_1_154' title='bbox 3508 2875 3817 2997; x_wconf 90' lang='lat' dir='ltr'>quibus</span> 
     </span>
     <span class='ocr_line' id='line_1_18' title="bbox 450 2994 3815 3109; baseline -0.001 -25"><span class='ocrx_word' id='word_1_155' title='bbox 450 2998 655 3085; x_wconf 79' lang='lat' dir='ltr'>iufra</span> <span class='ocrx_word' id='word_1_156' title='bbox 710 3029 976 3083; x_wconf 85' lang='lat' dir='ltr'>sermo</span> <span class='ocrx_word' id='word_1_157' title='bbox 1027 3000 1202 3082; x_wconf 88' lang='lat' dir='ltr'>erit.</span> <span class='ocrx_word' id='word_1_158' title='bbox 1271 2996 1377 3083; x_wconf 93' lang='lat' dir='ltr'>II.</span> <span class='ocrx_word' id='word_1_159' title='bbox 1445 2994 1690 3082; x_wconf 88' lang='lat' dir='ltr'>Levis</span> <span class='ocrx_word' id='word_1_160' title='bbox 1743 2998 1980 3109; x_wconf 90' lang='lat' dir='ltr'>culpa</span> <span class='ocrx_word' id='word_1_161' title='bbox 2044 2997 2393 3081; x_wconf 85' lang='lat' dir='ltr'>Abbatis</span> <span class='ocrx_word' id='word_1_162' title='bbox 2455 3021 2576 3083; x_wconf 87' lang='lat' dir='ltr'>est</span> <span class='ocrx_word' id='word_1_163' title='bbox 2626 3060 2649 3104; x_wconf 90' lang='lat'>,</span> <span class='ocrx_word' id='word_1_164' title='bbox 2702 3003 2765 3081; x_wconf 90' lang='lat' dir='ltr'>si</span> <span class='ocrx_word' id='word_1_165' title='bbox 2821 3000 3065 3083; x_wconf 85' lang='lat' dir='ltr'>cellas</span> <span class='ocrx_word' id='word_1_166' title='bbox 3135 2996 3734 3082; x_wconf 87' lang='lat' dir='ltr'>Monachorum</span> <span class='ocrx_word' id='word_1_167' title='bbox 3776 3015 3815 3099; x_wconf 75' lang='lat'>&#39;,</span> 
     </span>
     <span class='ocr_line' id='line_1_19' title="bbox 451 3115 3818 3231; baseline -0.002 -26"><span class='ocrx_word' id='word_1_168' title='bbox 451 3142 538 3205; x_wconf 85' lang='lat' dir='ltr'>et</span> <span class='ocrx_word' id='word_1_169' title='bbox 586 3116 957 3203; x_wconf 80' lang='lat' dir='ltr'>officinas</span> <span class='ocrx_word' id='word_1_170' title='bbox 1030 3147 1177 3230; x_wconf 89' lang='lat' dir='ltr'>per</span> <span class='ocrx_word' id='word_1_171' title='bbox 1253 3150 1337 3204; x_wconf 92' lang='lat' dir='ltr'>se</span> <span class='ocrx_word' id='word_1_172' title='bbox 1386 3177 1410 3220; x_wconf 89' lang='lat'>‚</span> <span class='ocrx_word' id='word_1_173' title='bbox 1478 3123 1609 3200; x_wconf 87' lang='lat' dir='ltr'>vel</span> <span class='ocrx_word' id='word_1_174' title='bbox 1670 3147 1813 3226; x_wconf 88' lang='lat' dir='ltr'>per</span> <span class='ocrx_word' id='word_1_175' title='bbox 1885 3117 2309 3231; x_wconf 80' lang='lat' dir='ltr'>Vicarium</span> <span class='ocrx_word' id='word_1_176' title='bbox 2362 3120 2690 3203; x_wconf 88' lang='lat' dir='ltr'>visitare</span> <span class='ocrx_word' id='word_1_177' title='bbox 2743 3118 3203 3228; x_wconf 86' lang='lat' dir='ltr'>neglexerit.</span> <span class='ocrx_word' id='word_1_178' title='bbox 3263 3119 3344 3205; x_wconf 88' lang='lat' dir='ltr'>Si</span> <span class='ocrx_word' id='word_1_179' title='bbox 3415 3115 3518 3203; x_wconf 89' lang='lat' dir='ltr'>ad</span> <span class='ocrx_word' id='word_1_180' title='bbox 3574 3117 3818 3201; x_wconf 86' lang='lat' dir='ltr'>Divi·</span> 
     </span>
     <span class='ocr_line' id='line_1_20' title="bbox 454 3232 3821 3354; baseline -0.001 -31"><span class='ocrx_word' id='word_1_181' title='bbox 454 3270 654 3323; x_wconf 90' lang='lat' dir='ltr'>num</span> <span class='ocrx_word' id='word_1_182' title='bbox 729 3232 1124 3323; x_wconf 84' lang='lat' dir='ltr'>Officium</span> <span class='ocrx_word' id='word_1_183' title='bbox 1174 3299 1198 3342; x_wconf 93' lang='lat'>,</span> <span class='ocrx_word' id='word_1_184' title='bbox 1274 3261 1356 3323; x_wconf 89' lang='lat' dir='ltr'>et</span> <span class='ocrx_word' id='word_1_185' title='bbox 1440 3232 1545 3320; x_wconf 90' lang='lat' dir='ltr'>ad</span> <span class='ocrx_word' id='word_1_186' title='bbox 1611 3238 2155 3321; x_wconf 68' lang='lat' dir='ltr'>&#39;communem</span> <span class='ocrx_word' id='word_1_187' title='bbox 2218 3233 2753 3322; x_wconf 85' lang='lat' dir='ltr'>resectionem</span> <span class='ocrx_word' id='word_1_188' title='bbox 2837 3243 3013 3323; x_wconf 91' lang='lat' dir='ltr'>sine</span> <span class='ocrx_word' id='word_1_189' title='bbox 3079 3270 3316 3324; x_wconf 88' lang='lat' dir='ltr'>causa</span> <span class='ocrx_word' id='word_1_190' title='bbox 3388 3238 3821 3354; x_wconf 85' lang='lat' dir='ltr'>aliquoties</span> 
     </span>
     <span class='ocr_line' id='line_1_21' title="bbox 453 3356 3823 3452; baseline -0.001 -10"><span class='ocrx_word' id='word_1_191' title='bbox 453 3388 616 3442; x_wconf 89' lang='lat' dir='ltr'>non</span> <span class='ocrx_word' id='word_1_192' title='bbox 689 3360 1034 3441; x_wconf 89' lang='lat' dir='ltr'>venerit.</span> <span class='ocrx_word' id='word_1_193' title='bbox 1110 3357 1190 3441; x_wconf 87' lang='lat' dir='ltr'>Si</span> <span class='ocrx_word' id='word_1_194' title='bbox 1260 3389 1305 3443; x_wconf 92' lang='lat' dir='ltr'>e</span> <span class='ocrx_word' id='word_1_195' title='bbox 1372 3357 1873 3452; x_wconf 85' lang='lat' dir='ltr'>Monasterio</span> <span class='ocrx_word' id='word_1_196' title='bbox 1936 3358 2112 3440; x_wconf 91' lang='lat' dir='ltr'>sine</span> <span class='ocrx_word' id='word_1_197' title='bbox 2180 3359 2660 3443; x_wconf 86' lang='lat' dir='ltr'>necessitate</span> <span class='ocrx_word' id='word_1_198' title='bbox 2737 3360 3049 3444; x_wconf 78' lang='lat' dir='ltr'>exierit.</span> <span class='ocrx_word' id='word_1_199' title='bbox 3123 3359 3210 3444; x_wconf 86' lang='lat' dir='ltr'>Si</span> <span class='ocrx_word' id='word_1_200' title='bbox 3291 3356 3823 3443; x_wconf 89' lang='lat' dir='ltr'>Ceremonias</span> 
     </span>
     <span class='ocr_line' id='line_1_22' title="bbox 453 3474 3822 3594; baseline -0.001 -31"><span class='ocrx_word' id='word_1_201' title='bbox 453 3478 1068 3565; x_wconf 85' lang='lat' dir='ltr'>Ecclesiasticas</span> <span class='ocrx_word' id='word_1_202' title='bbox 1137 3479 1411 3561; x_wconf 90' lang='lat' dir='ltr'>minus</span> <span class='ocrx_word' id='word_1_203' title='bbox 1463 3475 1853 3562; x_wconf 88' lang='lat' dir='ltr'>decenter</span> <span class='ocrx_word' id='word_1_204' title='bbox 1903 3479 2378 3561; x_wconf 83' lang='lat' dir='ltr'>exercuerit.</span> <span class='ocrx_word' id='word_1_205' title='bbox 2437 3479 2522 3561; x_wconf 91' lang='lat' dir='ltr'>Si</span> <span class='ocrx_word' id='word_1_206' title='bbox 2574 3474 2776 3594; x_wconf 86' lang='lat' dir='ltr'>quid</span> <span class='ocrx_word' id='word_1_207' title='bbox 2852 3476 3145 3565; x_wconf 83' lang='lat' dir='ltr'>dixerit</span> <span class='ocrx_word' id='word_1_208' title='bbox 3182 3542 3209 3583; x_wconf 86' lang='lat'>,</span> <span class='ocrx_word' id='word_1_209' title='bbox 3284 3478 3421 3565; x_wconf 85' lang='lat' dir='ltr'>vel</span> <span class='ocrx_word' id='word_1_210' title='bbox 3470 3475 3757 3563; x_wconf 83' lang='lat' dir='ltr'>fecerit</span> <span class='ocrx_word' id='word_1_211' title='bbox 3797 3538 3822 3581; x_wconf 92' lang='lat'><strong><em>‚</em></strong></span> 
     </span>
     <span class='ocr_line' id='line_1_23' title="bbox 454 3594 3821 3709; baseline 0 -30"><span class='ocrx_word' id='word_1_212' title='bbox 454 3595 682 3680; x_wconf 87' lang='lat' dir='ltr'>unde</span> <span class='ocrx_word' id='word_1_213' title='bbox 730 3595 1054 3682; x_wconf 89' lang='lat' dir='ltr'>Fratres</span> <span class='ocrx_word' id='word_1_214' title='bbox 1101 3594 1657 3683; x_wconf 84' lang='lat' dir='ltr'>offendantur.</span> <span class='ocrx_word' id='word_1_215' title='bbox 1715 3595 1803 3680; x_wconf 87' lang='lat' dir='ltr'>Si</span> <span class='ocrx_word' id='word_1_216' title='bbox 1853 3598 1935 3678; x_wconf 93' lang='lat' dir='ltr'>in</span> <span class='ocrx_word' id='word_1_217' title='bbox 1991 3595 2208 3700; x_wconf 80' lang='lat' dir='ltr'>cibo,</span> <span class='ocrx_word' id='word_1_218' title='bbox 2277 3619 2506 3709; x_wconf 84' lang='lat' dir='ltr'>potu,</span> <span class='ocrx_word' id='word_1_219' title='bbox 2561 3621 2643 3681; x_wconf 91' lang='lat' dir='ltr'>et</span> <span class='ocrx_word' id='word_1_220' title='bbox 2695 3602 3198 3684; x_wconf 88' lang='lat' dir='ltr'>vestimentis</span> <span class='ocrx_word' id='word_1_221' title='bbox 3251 3596 3575 3681; x_wconf 86' lang='lat' dir='ltr'>Fratres</span> <span class='ocrx_word' id='word_1_222' title='bbox 3627 3628 3821 3681; x_wconf 89' lang='lat' dir='ltr'>cum</span> 
     </span>
     <span class='ocr_line' id='line_1_24' title="bbox 464 3714 3815 3834; baseline 0 -35"><span class='ocrx_word' id='word_1_223' title='bbox 464 3715 831 3800; x_wconf 89' lang='lat' dir='ltr'>indebita</span> <span class='ocrx_word' id='word_1_224' title='bbox 886 3718 1373 3829; x_wconf 86' lang='lat' dir='ltr'>parsimonia</span> <span class='ocrx_word' id='word_1_225' title='bbox 1430 3718 1921 3802; x_wconf 87' lang='lat' dir='ltr'>tractaverit.</span> <span class='ocrx_word' id='word_1_226' title='bbox 1977 3716 2062 3799; x_wconf 91' lang='lat' dir='ltr'>Si</span> <span class='ocrx_word' id='word_1_227' title='bbox 2113 3746 2299 3825; x_wconf 87' lang='lat' dir='ltr'>erga</span> <span class='ocrx_word' id='word_1_228' title='bbox 2352 3717 2713 3834; x_wconf 88' lang='lat' dir='ltr'>aliquem</span> <span class='ocrx_word' id='word_1_229' title='bbox 2765 3717 3135 3805; x_wconf 86' lang='lat' dir='ltr'>Fratrem</span> <span class='ocrx_word' id='word_1_230' title='bbox 3206 3719 3390 3832; x_wconf 90' lang='lat' dir='ltr'>plus</span> <span class='ocrx_word' id='word_1_231' title='bbox 3439 3714 3738 3802; x_wconf 84' lang='lat' dir='ltr'>favoris</span> <span class='ocrx_word' id='word_1_232' title='bbox 3791 3779 3815 3820; x_wconf 88' lang='lat'>,</span> 
     </span>
     <span class='ocr_line' id='line_1_25' title="bbox 461 3832 3825 3951; baseline -0.001 -27"><span class='ocrx_word' id='word_1_233' title='bbox 461 3836 592 3923; x_wconf 87' lang='lat' dir='ltr'>vel</span> <span class='ocrx_word' id='word_1_234' title='bbox 647 3839 1093 3947; x_wconf 85' lang='lat' dir='ltr'>asperitatis</span> <span class='ocrx_word' id='word_1_235' title='bbox 1163 3836 1645 3923; x_wconf 83' lang='lat' dir='ltr'>exhibuerit.</span> <span class='ocrx_word' id='word_1_236' title='bbox 1705 3836 1790 3919; x_wconf 87' lang='lat' dir='ltr'>Si</span> <span class='ocrx_word' id='word_1_237' title='bbox 1841 3832 2048 3951; x_wconf 89' lang='lat' dir='ltr'>quid</span> <span class='ocrx_word' id='word_1_238' title='bbox 2099 3836 2727 3948; x_wconf 87' lang='lat' dir='ltr'>poculentorum</span> <span class='ocrx_word' id='word_1_239' title='bbox 2759 3901 2788 3941; x_wconf 87' lang='lat'>,</span> <span class='ocrx_word' id='word_1_240' title='bbox 2840 3841 2969 3924; x_wconf 92' lang='lat' dir='ltr'>vel</span> <span class='ocrx_word' id='word_1_241' title='bbox 3035 3839 3641 3923; x_wconf 86' lang='lat' dir='ltr'>esculentorum</span> <span class='ocrx_word' id='word_1_242' title='bbox 3675 3897 3698 3935; x_wconf 87' lang='lat'>,</span> <span class='ocrx_word' id='word_1_243' title='bbox 3739 3839 3825 3921; x_wconf 90' lang='lat' dir='ltr'>in</span> 
     </span>
     <span class='ocr_line' id='line_1_26' title="bbox 465 3953 3830 4067; baseline -0.001 -27"><span class='ocrx_word' id='word_1_244' title='bbox 465 3986 555 4040; x_wconf 84' lang='lat' dir='ltr'>re</span> <span class='ocrx_word' id='word_1_245' title='bbox 621 3977 887 4039; x_wconf 89' lang='lat' dir='ltr'>tamen</span> <span class='ocrx_word' id='word_1_246' title='bbox 964 3960 1194 4067; x_wconf 88' lang='lat' dir='ltr'>parvi</span> <span class='ocrx_word' id='word_1_247' title='bbox 1275 3958 1739 4061; x_wconf 89' lang='lat' dir='ltr'>momenti,</span> <span class='ocrx_word' id='word_1_248' title='bbox 1813 3957 2212 4040; x_wconf 85' lang='lat' dir='ltr'>extraneis</span> <span class='ocrx_word' id='word_1_249' title='bbox 2274 3953 2598 4043; x_wconf 86' lang='lat' dir='ltr'>dederit</span> <span class='ocrx_word' id='word_1_250' title='bbox 2645 3962 2821 4042; x_wconf 91' lang='lat' dir='ltr'>sine</span> <span class='ocrx_word' id='word_1_251' title='bbox 2890 3989 3126 4045; x_wconf 89' lang='lat' dir='ltr'>causa</span> <span class='ocrx_word' id='word_1_252' title='bbox 3200 3958 3588 4065; x_wconf 85' lang='lat' dir='ltr'>legitima.</span> <span class='ocrx_word' id='word_1_253' title='bbox 3671 3955 3830 4038; x_wconf 88' lang='lat' dir='ltr'>Pro</span> 
     </span>
     <span class='ocr_line' id='line_1_27' title="bbox 464 4070 3821 4190; baseline 0.001 -34"><span class='ocrx_word' id='word_1_254' title='bbox 464 4070 943 4187; x_wconf 82' lang='lat' dir='ltr'>hujusmodi</span> <span class='ocrx_word' id='word_1_255' title='bbox 1023 4071 1484 4161; x_wconf 87' lang='lat' dir='ltr'>defectibus</span> <span class='ocrx_word' id='word_1_256' title='bbox 1559 4076 1663 4160; x_wconf 90' lang='lat' dir='ltr'>ab</span> <span class='ocrx_word' id='word_1_257' title='bbox 1725 4075 2057 4161; x_wconf 84' lang='lat' dir='ltr'>Abbate</span> <span class='ocrx_word' id='word_1_258' title='bbox 2121 4081 2429 4189; x_wconf 87' lang='lat' dir='ltr'>majore</span> <span class='ocrx_word' id='word_1_259' title='bbox 2507 4081 3049 4190; x_wconf 86' lang='lat' dir='ltr'>corripiatur,</span> <span class='ocrx_word' id='word_1_260' title='bbox 3119 4101 3204 4161; x_wconf 91' lang='lat' dir='ltr'>et</span> <span class='ocrx_word' id='word_1_261' title='bbox 3257 4077 3555 4160; x_wconf 88' lang='lat' dir='ltr'>Psalmi</span> <span class='ocrx_word' id='word_1_262' title='bbox 3604 4136 3626 4179; x_wconf 74' lang='lat'>,</span> <span class='ocrx_word' id='word_1_263' title='bbox 3679 4078 3821 4160; x_wconf 89' lang='lat' dir='ltr'>vel</span> 
     </span>
     <span class='ocr_line' id='line_1_28' title="bbox 466 4192 3826 4314; baseline 0.001 -38"><span class='ocrx_word' id='word_1_264' title='bbox 466 4194 780 4310; x_wconf 88' lang='lat' dir='ltr'>aliquot</span> <span class='ocrx_word' id='word_1_265' title='bbox 831 4192 1266 4280; x_wconf 86' lang='lat' dir='ltr'>Orationes</span> <span class='ocrx_word' id='word_1_266' title='bbox 1295 4194 1809 4299; x_wconf 86' lang='lat' dir='ltr'>Dominicae,</span> <span class='ocrx_word' id='word_1_267' title='bbox 1843 4224 1985 4280; x_wconf 90' lang='lat' dir='ltr'>seu</span> <span class='ocrx_word' id='word_1_268' title='bbox 2039 4195 2647 4303; x_wconf 82' lang='lat' dir='ltr'>genuflexiones</span> <span class='ocrx_word' id='word_1_269' title='bbox 2699 4201 2770 4282; x_wconf 89' lang='lat' dir='ltr'>ei</span> <span class='ocrx_word' id='word_1_270' title='bbox 2824 4203 3386 4314; x_wconf 84' lang='lat' dir='ltr'>injungantur.</span> <span class='ocrx_word' id='word_1_271' title='bbox 3422 4195 3574 4277; x_wconf 85' lang='grc' dir='ltr'><strong>ΙΙΙ.</strong></span> <span class='ocrx_word' id='word_1_272' title='bbox 3614 4192 3826 4278; x_wconf 88' lang='lat' dir='ltr'>Gra-</span> 
     </span>
     <span class='ocr_line' id='line_1_29' title="bbox 465 4311 3827 4430; baseline 0.001 -33"><span class='ocrx_word' id='word_1_273' title='bbox 465 4316 588 4397; x_wconf 81' lang='lat' dir='ltr'>vis</span> <span class='ocrx_word' id='word_1_274' title='bbox 640 4311 876 4425; x_wconf 87' lang='lat' dir='ltr'>culpa</span> <span class='ocrx_word' id='word_1_275' title='bbox 930 4337 1075 4417; x_wconf 79' lang='lat' dir='ltr'>est,</span> <span class='ocrx_word' id='word_1_276' title='bbox 1129 4317 1191 4397; x_wconf 91' lang='lat' dir='ltr'>si</span> <span class='ocrx_word' id='word_1_277' title='bbox 1244 4313 1557 4419; x_wconf 80' lang='lat' dir='ltr'>Fratri,</span> <span class='ocrx_word' id='word_1_278' title='bbox 1611 4314 1742 4399; x_wconf 92' lang='lat' dir='ltr'>vel</span> <span class='ocrx_word' id='word_1_279' title='bbox 1808 4337 2144 4400; x_wconf 87' lang='lat' dir='ltr'>externo</span> <span class='ocrx_word' id='word_1_280' title='bbox 2195 4316 2445 4400; x_wconf 90' lang='lat' dir='ltr'>verba</span> <span class='ocrx_word' id='word_1_281' title='bbox 2497 4319 2885 4430; x_wconf 88' lang='lat' dir='ltr'>injuriosa</span> <span class='ocrx_word' id='word_1_282' title='bbox 2940 4316 3234 4403; x_wconf 81' lang='lat' dir='ltr'>dixerit</span> <span class='ocrx_word' id='word_1_283' title='bbox 3274 4380 3298 4421; x_wconf 95' lang='lat'>,</span> <span class='ocrx_word' id='word_1_284' title='bbox 3352 4312 3827 4419; x_wconf 85' lang='lat' dir='ltr'>maledicta,</span> 
     </span>
     <span class='ocr_line' id='line_1_30' title="bbox 470 4432 3824 4544; baseline -0 -25"><span class='ocrx_word' id='word_1_285' title='bbox 470 4456 552 4519; x_wconf 85' lang='lat' dir='ltr'>et</span> <span class='ocrx_word' id='word_1_286' title='bbox 600 4435 1224 4544; x_wconf 85' lang='lat' dir='ltr'>imprecationes</span> <span class='ocrx_word' id='word_1_287' title='bbox 1275 4437 1964 4544; x_wconf 88' lang='lat' dir='ltr'>pronunciaverit.</span> <span class='ocrx_word' id='word_1_288' title='bbox 2006 4436 2092 4519; x_wconf 87' lang='lat' dir='ltr'>Si</span> <span class='ocrx_word' id='word_1_289' title='bbox 2143 4432 2587 4521; x_wconf 87' lang='lat' dir='ltr'>discordias</span> <span class='ocrx_word' id='word_1_290' title='bbox 2622 4441 2829 4521; x_wconf 85' lang='lat' dir='ltr'>inter</span> <span class='ocrx_word' id='word_1_291' title='bbox 2881 4436 3205 4523; x_wconf 85' lang='lat' dir='ltr'>Fratres</span> <span class='ocrx_word' id='word_1_292' title='bbox 3255 4437 3824 4521; x_wconf 84' lang='lat' dir='ltr'>seminaverit:</span> 
     </span>
     <span class='ocr_line' id='line_1_31' title="bbox 469 4552 3835 4676; baseline 0.001 -42"><span class='ocrx_word' id='word_1_293' title='bbox 469 4554 534 4635; x_wconf 89' lang='lat' dir='ltr'>si</span> <span class='ocrx_word' id='word_1_294' title='bbox 585 4555 858 4665; x_wconf 89' lang='lat' dir='ltr'>jurare</span> <span class='ocrx_word' id='word_1_295' title='bbox 891 4614 916 4655; x_wconf 87' lang='lat'>,</span> <span class='ocrx_word' id='word_1_296' title='bbox 970 4555 1338 4658; x_wconf 89' lang='lat' dir='ltr'>mentiri,</span> <span class='ocrx_word' id='word_1_297' title='bbox 1393 4558 1657 4667; x_wconf 90' lang='lat' dir='ltr'>turpia</span> <span class='ocrx_word' id='word_1_298' title='bbox 1696 4618 1725 4656; x_wconf 82' lang='grc'>,</span> <span class='ocrx_word' id='word_1_299' title='bbox 1789 4554 1921 4640; x_wconf 89' lang='lat' dir='ltr'>vel</span> <span class='ocrx_word' id='word_1_300' title='bbox 1973 4557 2338 4641; x_wconf 81' lang='lat' dir='ltr'>scurrilia</span> <span class='ocrx_word' id='word_1_301' title='bbox 2394 4554 2671 4640; x_wconf 87' lang='lat' dir='ltr'>dicere</span> <span class='ocrx_word' id='word_1_302' title='bbox 2726 4554 3199 4676; x_wconf 88' lang='lat' dir='ltr'>frequenter</span> <span class='ocrx_word' id='word_1_303' title='bbox 3275 4552 3835 4668; x_wconf 89' lang='lat' dir='ltr'>deprehensus</span> 
     </span>
     <span class='ocr_line' id='line_1_32' title="bbox 473 4670 3831 4794; baseline 0.001 -39"><span class='ocrx_word' id='word_1_304' title='bbox 473 4670 743 4772; x_wconf 79' lang='lat' dir='ltr'>fuerit.</span> <span class='ocrx_word' id='word_1_305' title='bbox 818 4672 903 4755; x_wconf 90' lang='lat' dir='ltr'>Si</span> <span class='ocrx_word' id='word_1_306' title='bbox 980 4674 1519 4759; x_wconf 85' lang='lat' dir='ltr'>saecularium</span> <span class='ocrx_word' id='word_1_307' title='bbox 1590 4672 1875 4757; x_wconf 89' lang='lat' dir='ltr'>domos</span> <span class='ocrx_word' id='word_1_308' title='bbox 1936 4677 2112 4757; x_wconf 90' lang='lat' dir='ltr'>sine</span> <span class='ocrx_word' id='word_1_309' title='bbox 2182 4681 2657 4761; x_wconf 87' lang='lat' dir='ltr'>necessitate</span> <span class='ocrx_word' id='word_1_310' title='bbox 2742 4676 3447 4794; x_wconf 86' lang='lat' dir='ltr'>frequentaverit:</span> <span class='ocrx_word' id='word_1_311' title='bbox 3502 4678 3570 4758; x_wconf 90' lang='lat' dir='ltr'>si</span> <span class='ocrx_word' id='word_1_312' title='bbox 3639 4705 3831 4761; x_wconf 89' lang='lat' dir='ltr'>cum</span> 
     </span>
     <span class='ocr_line' id='line_1_33' title="bbox 470 4789 3832 4910; baseline 0.003 -37"><span class='ocrx_word' id='word_1_313' title='bbox 470 4789 900 4898; x_wconf 82' lang='lat' dir='ltr'>foeminis,</span> <span class='ocrx_word' id='word_1_314' title='bbox 954 4817 1094 4876; x_wconf 90' lang='lat' dir='ltr'>aut</span> <span class='ocrx_word' id='word_1_315' title='bbox 1143 4797 1414 4905; x_wconf 87' lang='lat' dir='ltr'>pueris</span> <span class='ocrx_word' id='word_1_316' title='bbox 1463 4791 2063 4910; x_wconf 80' lang='lat' dir='ltr'>colloqueudO,</span> <span class='ocrx_word' id='word_1_317' title='bbox 2115 4802 2442 4879; x_wconf 86' lang='lat' dir='ltr'>attentis</span> <span class='ocrx_word' id='word_1_318' title='bbox 2507 4799 3141 4882; x_wconf 87' lang='lat' dir='ltr'>circumstantiis</span> <span class='ocrx_word' id='word_1_319' title='bbox 3177 4861 3205 4900; x_wconf 87' lang='lat'>‚</span> <span class='ocrx_word' id='word_1_320' title='bbox 3283 4798 3832 4909; x_wconf 87' lang='lat' dir='ltr'>suspicionem</span> 
     </span>
     <span class='ocr_line' id='line_1_34' title="bbox 473 4912 3836 5028; baseline 0.001 -35"><span class='ocrx_word' id='word_1_321' title='bbox 473 4913 826 5028; x_wconf 87' lang='lat' dir='ltr'>aliquam</span> <span class='ocrx_word' id='word_1_322' title='bbox 887 4916 1058 4995; x_wconf 90' lang='lat' dir='ltr'>vitii</span> <span class='ocrx_word' id='word_1_323' title='bbox 1117 4917 1558 5022; x_wconf 81' lang='lat' dir='ltr'>ingesserit.</span> <span class='ocrx_word' id='word_1_324' title='bbox 1605 4918 1688 4999; x_wconf 89' lang='lat' dir='ltr'>Si</span> <span class='ocrx_word' id='word_1_325' title='bbox 1742 4912 2166 4998; x_wconf 88' lang='lat' dir='ltr'>dormierit</span> <span class='ocrx_word' id='word_1_326' title='bbox 2216 4918 2394 5002; x_wconf 88' lang='lat' dir='ltr'>sine</span> <span class='ocrx_word' id='word_1_327' title='bbox 2444 4915 2797 5016; x_wconf 78' lang='lat' dir='ltr'>Tunica,</span> <span class='ocrx_word' id='word_1_328' title='bbox 2848 4942 2931 5002; x_wconf 87' lang='lat' dir='ltr'>et</span> <span class='ocrx_word' id='word_1_329' title='bbox 2984 4914 3369 5002; x_wconf 66' lang='lat' dir='ltr'>Cur-ullo.</span> <span class='ocrx_word' id='word_1_330' title='bbox 3429 4916 3509 4998; x_wconf 91' lang='lat' dir='ltr'>Si</span> <span class='ocrx_word' id='word_1_331' title='bbox 3563 4915 3836 4999; x_wconf 86' lang='lat' dir='ltr'>medi-</span> 
     </span>
     <span class='ocr_line' id='line_1_35' title="bbox 477 5031 3839 5153; baseline 0.002 -38"><span class='ocrx_word' id='word_1_332' title='bbox 477 5034 750 5119; x_wconf 87' lang='lat' dir='ltr'>cinam</span> <span class='ocrx_word' id='word_1_333' title='bbox 813 5034 989 5115; x_wconf 89' lang='lat' dir='ltr'>sine</span> <span class='ocrx_word' id='word_1_334' title='bbox 1041 5033 1365 5117; x_wconf 85' lang='lat' dir='ltr'>licentia</span> <span class='ocrx_word' id='word_1_335' title='bbox 1420 5031 1726 5118; x_wconf 89' lang='lat' dir='ltr'>Medici</span> <span class='ocrx_word' id='word_1_336' title='bbox 1780 5035 2241 5147; x_wconf 83' lang='lat' dir='ltr'>sumpserit.</span> <span class='ocrx_word' id='word_1_337' title='bbox 2312 5037 2398 5119; x_wconf 86' lang='lat' dir='ltr'>Si</span> <span class='ocrx_word' id='word_1_338' title='bbox 2451 5038 2776 5150; x_wconf 84' lang='lat' dir='ltr'>culpam</span> <span class='ocrx_word' id='word_1_339' title='bbox 2833 5041 3352 5150; x_wconf 81' lang='lat' dir='ltr'>praeteritam</span> <span class='ocrx_word' id='word_1_340' title='bbox 3388 5097 3412 5141; x_wconf 89' lang='lat'>,</span> <span class='ocrx_word' id='word_1_341' title='bbox 3463 5064 3615 5149; x_wconf 89' lang='lat' dir='ltr'>pro</span> <span class='ocrx_word' id='word_1_342' title='bbox 3676 5066 3839 5153; x_wconf 81' lang='lat' dir='ltr'>qua</span> 
     </span>
     <span class='ocr_line' id='line_1_36' title="bbox 463 5149 3843 5265; baseline 0.002 -32"><span class='ocrx_word' id='word_1_343' title='bbox 463 5149 973 5243; x_wconf 59' lang='lat' dir='ltr'>„satisfactum</span> <span class='ocrx_word' id='word_1_344' title='bbox 1025 5156 1178 5257; x_wconf 88' lang='lat' dir='ltr'>sit,</span> <span class='ocrx_word' id='word_1_345' title='bbox 1231 5153 1488 5238; x_wconf 81' lang='lat' dir='ltr'>,alicui</span> <span class='ocrx_word' id='word_1_346' title='bbox 1542 5153 2169 5265; x_wconf 81' lang='lat' dir='ltr'>exprobraverit.</span> <span class='ocrx_word' id='word_1_347' title='bbox 2246 5156 2328 5240; x_wconf 92' lang='lat' dir='ltr'>Si</span> <span class='ocrx_word' id='word_1_348' title='bbox 2401 5160 2605 5241; x_wconf 80' lang='lat' dir='ltr'>sine&#39;</span> <span class='ocrx_word' id='word_1_349' title='bbox 2646 5160 2888 5242; x_wconf 89' lang='lat' dir='ltr'>Socio</span> <span class='ocrx_word' id='word_1_350' title='bbox 2965 5181 3181 5242; x_wconf 78' lang='lat' dir='ltr'>extra</span> <span class='ocrx_word' id='word_1_351' title='bbox 3244 5156 3843 5243; x_wconf 79' lang='lat' dir='ltr'>Monasterium</span> 
     </span>
     <span class='ocr_line' id='line_1_37' title="bbox 481 5270 3847 5388; baseline 0.002 -33"><span class='ocrx_word' id='word_1_352' title='bbox 481 5274 747 5355; x_wconf 87' lang='lat' dir='ltr'>iverit.</span> <span class='ocrx_word' id='word_1_353' title='bbox 797 5272 896 5363; x_wconf 68' lang='lat' dir='ltr'>‚Si</span> <span class='ocrx_word' id='word_1_354' title='bbox 949 5270 1373 5386; x_wconf 84' lang='lat' dir='ltr'>Jejunium</span> <span class='ocrx_word' id='word_1_355' title='bbox 1427 5273 1531 5357; x_wconf 89' lang='lat' dir='ltr'>ab</span> <span class='ocrx_word' id='word_1_356' title='bbox 1601 5271 1920 5359; x_wconf 85' lang='lat' dir='ltr'>Ordine</span> <span class='ocrx_word' id='word_1_357' title='bbox 1973 5279 2556 5388; x_wconf 85' lang='lat' dir='ltr'>praescriptum</span> <span class='ocrx_word' id='word_1_358' title='bbox 2616 5274 2973 5387; x_wconf 82' lang='lat' dir='ltr'>fregerit.</span> <span class='ocrx_word' id='word_1_359' title='bbox 3033 5279 3115 5361; x_wconf 92' lang='lat' dir='ltr'>Si</span> <span class='ocrx_word' id='word_1_360' title='bbox 3198 5275 3559 5379; x_wconf 87' lang='lat' dir='ltr'>Missam,</span> <span class='ocrx_word' id='word_1_361' title='bbox 3610 5272 3847 5361; x_wconf 42' lang='lat' dir='ltr'>Divi*-</span> 
     </span>
     <span class='ocr_line' id='line_1_38' title="bbox 487 5382 3842 5516; baseline 0.002 -39"><span class='ocrx_word' id='word_1_362' title='bbox 487 5422 688 5477; x_wconf 85' lang='lat' dir='ltr'>num</span> <span class='ocrx_word' id='word_1_363' title='bbox 747 5382 1142 5479; x_wconf 80' lang='lat' dir='ltr'>Officium</span> <span class='ocrx_word' id='word_1_364' title='bbox 1179 5390 1188 5397; x_wconf 69' lang='grc'><strong>’</strong></span> <span class='ocrx_word' id='word_1_365' title='bbox 1229 5397 1310 5477; x_wconf 91' lang='lat' dir='ltr'>in</span> <span class='ocrx_word' id='word_1_366' title='bbox 1393 5390 1676 5478; x_wconf 89' lang='lat' dir='ltr'>Choro</span> <span class='ocrx_word' id='word_1_367' title='bbox 1722 5397 1900 5480; x_wconf 90' lang='lat' dir='ltr'>sine</span> <span class='ocrx_word' id='word_1_368' title='bbox 1961 5425 2196 5481; x_wconf 84' lang='lat' dir='ltr'>causa</span> <span class='ocrx_word' id='word_1_369' title='bbox 2251 5400 2635 5481; x_wconf 88' lang='lat' dir='ltr'>omiserit.</span> <span class='ocrx_word' id='word_1_370' title='bbox 2704 5399 2788 5482; x_wconf 88' lang='lat' dir='ltr'>Si</span> <span class='ocrx_word' id='word_1_371' title='bbox 2854 5397 3165 5516; x_wconf 89' lang='lat' dir='ltr'>absque</span> <span class='ocrx_word' id='word_1_372' title='bbox 3232 5426 3519 5482; x_wconf 89' lang='lat' dir='ltr'>eorum</span> <span class='ocrx_word' id='word_1_373' title='bbox 3600 5400 3842 5511; x_wconf 83' lang='lat' dir='ltr'>culpa</span> 
     </span>
     <span class='ocr_line' id='line_1_39' title="bbox 453 5509 3854 5632; baseline 0.002 -37"><span class='ocrx_word' id='word_1_374' title='bbox 453 5509 1068 5609; x_wconf 13' lang='lat' dir='ltr'>„Officialesssab</span> <span class='ocrx_word' id='word_1_375' title='bbox 1121 5510 1442 5599; x_wconf 82' lang='lat' dir='ltr'>Officiis</span> <span class='ocrx_word' id='word_1_376' title='bbox 1495 5516 1850 5624; x_wconf 80' lang='lat' dir='ltr'>maligne</span> <span class='ocrx_word' id='word_1_377' title='bbox 1915 5521 2374 5601; x_wconf 88' lang='lat' dir='ltr'>removerit.</span> <span class='ocrx_word' id='word_1_378' title='bbox 2446 5516 2606 5601; x_wconf 90' lang='lat' dir='ltr'>Pro</span> <span class='ocrx_word' id='word_1_379' title='bbox 2684 5515 3161 5631; x_wconf 88' lang='lat' dir='ltr'>hujusmodi</span> <span class='ocrx_word' id='word_1_380' title='bbox 3240 5517 3503 5629; x_wconf 78' lang='lat' dir='ltr'>culpis</span> <span class='ocrx_word' id='word_1_381' title='bbox 3572 5516 3854 5632; x_wconf 87' lang='lat' dir='ltr'>injun-</span> 
     </span>
    </p>
   </div>
   <div class='ocr_carea' id='block_1_5' title="bbox 459 5631 3855 5845">
    <p class='ocr_par' dir='ltr' id='par_1_5' title="bbox 459 5631 3855 5845">
     <span class='ocr_line' id='line_1_40' title="bbox 459 5631 3855 5841; baseline 0.001 -120"><span class='ocrx_word' id='word_1_382' title='bbox 459 5631 1210 5836; x_wconf 52' lang='lat' dir='ltr'>,gattth-{ejupilum</span> <span class='ocrx_word' id='word_1_383' title='bbox 1293 5664 1438 5748; x_wconf 80' lang='lat' dir='ltr'>per</span> <span class='ocrx_word' id='word_1_384' title='bbox 1501 5634 1820 5753; x_wconf 87' lang='lat' dir='ltr'>aliquot</span> <span class='ocrx_word' id='word_1_385' title='bbox 1899 5632 2097 5722; x_wconf 88' lang='lat' dir='ltr'>dies.</span> <span class='ocrx_word' id='word_1_386' title='bbox 2171 5636 2376 5724; x_wconf 80' lang='lat' dir='ltr'>Item</span> <span class='ocrx_word' id='word_1_387' title='bbox 2449 5637 2752 5724; x_wconf 80' lang='lat' dir='ltr'>Psalmi</span> <span class='ocrx_word' id='word_1_388' title='bbox 2798 5638 3122 5841; x_wconf 53' lang='lat' dir='ltr'>{liquot</span> <span class='ocrx_word' id='word_1_389' title='bbox 3172 5700 3198 5746; x_wconf 91' lang='lat'>,</span> <span class='ocrx_word' id='word_1_390' title='bbox 3270 5660 3352 5721; x_wconf 89' lang='lat' dir='ltr'>et</span> <span class='ocrx_word' id='word_1_391' title='bbox 3414 5635 3855 5726; x_wconf 83' lang='lat' dir='ltr'>Orationes</span> 
     </span>
     <span class='ocr_line' id='line_1_41' title="bbox 820 5783 3041 5845; baseline 0.005 -11"><span class='ocrx_word' id='word_1_392' title='bbox 820 5783 978 5835; x_wconf 85' lang='lat' dir='ltr'>om.</span> <span class='ocrx_word' id='word_1_393' title='bbox 1080 5817 1101 5836; x_wconf 95' lang='lat'>.</span> <span class='ocrx_word' id='word_1_394' title='bbox 2015 5792 2020 5799; x_wconf 92' lang='lat'><strong>·</strong></span> <span class='ocrx_word' id='word_1_395' title='bbox 2912 5789 2955 5844; x_wconf 91' lang='lat' dir='ltr'>c</span> <span class='ocrx_word' id='word_1_396' title='bbox 2997 5791 3041 5845; x_wconf 90' lang='lat' dir='ltr'>c</span> 
     </span>
    </p>
   </div>
  </div>
 </body>
</html>
