4834 6409
381 633 659 731 denda
731 639 889 727 erit
949 638 1032 720 in
1090 630 1491 720 sacristia.
1546 625 1724 716 Ubi
1783 653 1866 717 et
1915 633 2000 717 in
2054 629 2211 717 alia
2264 628 2621 719 Tabella‘
2664 630 2930 716 notari
2987 627 3302 719 debent
3353 547 3794 720 casus'suz

379 746 849 869 perioribus
902 756 1286 844 reservati
1318 815 1343 859 ‚
1412 775 1494 838 et
1536 747 2165 863 Indulgentiae,
2228 754 2295 838 si
2341 782 2564 870 quae
2611 754 2777 837 sint
2843 758 3303 842 concessae.
3357 754 3506 838 IV.
3561 754 3789 843 Ante

382 879 721 971 Missam
774 945 799 988 ‚
867 902 951 967 et
1003 870 1551 962 psalmodiam
1598 869 1872 959 'Chori
1925 937 1948 980 ,
2015 876 2239 987 signa
2309 877 2482 987 ipse
2558 873 2944 988 pulsabit.
3015 873 3273 982 Quod
3357 877 3604 961 etiam
3673 873 3789 963 sa·

385 1000 575 1111 ciet,
617 1035 810 1091 cum
877 1002 1234 1114 primum
1291 995 1475 1113 quis
1524 1024 1622 1081 ex
1671 996 1740 1083 F
1748 995 2108 1093 ratribus,
2151 997 2315 1081 vita
2368 992 2706 1080 functus
2766 990 3057 1100 fuerit,
3113 1021 3207 1082 ut
3266 1027 3554 1082 omnes
3604 1000 3787 1112 ejus

387 1128 749 1212 animam
819 1116 1448 1209 commendent.
1517 1113 1875 1203 Lumina
1955 1140 2117 1202 tam
2192 1118 2275 1201 in
2347 1114 2630 1199 Choro
2676 1179 2706 1220 ,
2770 1144 3027 1232 quam
3109 1118 3195 1202 in
3273 1116 3787 1204 Dormitorio

387 1244 770 1333 Fratrum
843 1238 1264 1330 accendet.
1330 1237 1439 1322 X.
1511 1237 1669 1322 Per
1744 1270 1888 1345 se,
1953 1238 2085 1325 vel
2138 1268 2285 1352 per
2345 1238 2599 1322 alium
2669 1232 2775 1321 ab
2845 1235 3187 1324 'Abbate
3261 1235 3789 1350 designatum

253 1396 259 1401 ⁶
387 1363 999 1481 promovendos
1061 1358 1166 1449 ad
1223 1356 1788 1446 Sacerdotium
1863 1362 2158 1444 instrui
2225 1380 2524 1464 curet,
2592 1379 2675 1441 et
2727 1352 3003 1442 videat
3050 1420 3074 1465 ,
3143 1392 3245 1444 an
3302 1390 3587 1446 omnes
3633 1360 3786 1445 ob-

383 1509 716 1575 servent
763 1507 1101 1570 statutas
1154 1483 1681 1567 ceremonias.
1746 1476 1858 1562 Si'
1894 1511 2146 1599 quem
2210 1476 2631 1565 desectum
2685 1476 3398 1586 animadverterit,
3452 1478 3555 1566 ad
3609 1480 3783 1565 Ab·

373 1605 664 1692 batem
718 1603 1067 1709 referat,
1135 1602 1269 1687 vel
1326 1604 1500 1712 ipse
1550 1598 1986 1692 emendet.»
2023 1599 2275 1687 Notet
2332 1604 2581 1686 etiam
2636 1598 3009 1718 qualibet
3058 1596 3194 1687 die
3248 1598 3585 1687 nomina
3639 1602 3780 1687 Sa-

371 1723 823 1812 ·cerdotum
892 1724 1493 1811 celebrantium
1525 1784 1550 1827 ,
1612 1745 1704 1806 ut
1754 1719 1839 1806 id
1891 1720 2203 1805 Abbati
2241 1766 2285 1824 -9
2335 1742 2478 1806 aut
2532 1721 2862 1805 Vicario
2912 1718 3228 1808 referat.
3281 1721 3439 1805 XI.
3492 1723 3788 1809 Exter-

382 1876 536 1931 nos
598 1843 1080 1935 Sacerdotes
1128 1840 1234 1929 ad
1287 1840 1631 1929 Sacrum
1684 1838 2159 1928 faciendum
2228 1870 2393 1941 non
2451 1838 2890 1946 admittat,
2959 1842 3115 1926 nisi
3185 1843 3589 1955 intelligat
3650 1874 3788 1930 eos

385 1998 430 2052 a
496 1966 881 2078 legitimis
955 1963 1534 2079 Superioribus
1584 1961 1894 2049 habere
1960 1960 2441 2049 facultatem
2470 2019 2553 2069 ⁴,·
2595 1966 2835 2077 cujus
2898 1985 3139 2049 testes
3191 1961 3614 2050 Ordinarii
3692 1964 3793 2049 li-

385 2110 599 2174 teras
648 2119 842 2173 cum
895 2088 947 2171 ii
1002 2085 1576 2191 exhibuerint,
1632 2079 2225 2184 humanissime
2272 2084 2460 2168 illos
2510 2085 2884 2196 excipiet,
2938 2105 3020 2171 et
3067 2079 3473 2170 distinctis
3509 2087 3785 2193 etiam,

385 2238 538 2321 pro
590 2210 1247 2325 uniuscujusque
1295 2202 1723 2316 dignitate,
1774 2206 2272 2319 paramentis
2320 2200 2559 2291 indui
2596 2226 2871 2290 curet.
2916 2204 3390 2290 Saeculares
3438 2236 3780 2322 quoque

386 2326 495 2412 ad
563 2326 1025 2414 Ecclesiam
1092 2349 1450 2421 nostram
1532 2323 2071 2414 adventantes
2149 2322 2515 2437 benigne
2587 2347 2898 2412 tractet.
2964 2322 3166 2408 XII.
3234 2324 3565 2411 Habeat
3627 2327 3788 2415 sibi

391 2447 869 2562 subjectum
920 2445 1344 2535 aedituum
1408 2445 1919 2533 Monachum
1958 2508 1982 2550 ,
2053 2447 2406 2532 maxime
2466 2448 2553 2530 in
2601 2443 3308 2564 frequentioribus
3364 2445 3787 2537 Monaste·

392 2569 528 2653 riis
563 2630 587 2671 ,
662 2570 797 2655 cui
846 2572 1069 2661 vices
1130 2600 1316 2654 suas
1367 2570 1450 2652 in
1533 2566 1783 2655 rebus
1841 2566 2654 2681 minorismomenti
2718 2566 3184 2654 committet
3234 2632 3260 2675 ,
3339 2563 3545 2654 dum
3612 2568 3785 2682 ipse

251 2717 258 2723 ·
367 2688 477 2771 .in
543 2690 1056 2800 gravioribus
1104 2711 1588 2806 occupatur.

1715 2925 1788 3012 C
1854 2929 1930 3013 A
1995 2928 2085 3012 P.
2201 2927 2460 3013 XIII.
2586 2970 2590 2977 ‚

1422 3130 1559 3256 Dc
1623 3118 2062 3285 Praefecto
2121 3103 2719 3254 Bibliothecae.

515 3411 582 3497 I.
649 3413 747 3500 In
819 3411 1269 3528 majoribus
1321 3410 1838 3498 Monasteriis
1915 3408 2475 3523 designandus
2548 3414 2706 3497 erit
2779 3410 3243 3502 Monachus
3323 3413 3776 3522 Sacerd08‚

459 3536 541 3617 ui
598 3534 999 3621 librorum
1063 3561 1347 3620 curam
1431 3532 1751 3618 habeat.
1825 3532 1943 3637 11„
1999 3532 2405 3619 Omnium
2463 3535 2741 3649 itaque
2819 3533 3220 3622 librorum
3302 3537 3782 3625 Monasterii

396 3565 888 3767 {catalogum
940 3653 1400 3740 describat:
1467 3676 1727 3768 utque
1779 3653 1967 3737 libri
2020 3656 2268 3738 unius
2318 3654 2798 3740 Monasterii
2853 3652 2959 3737 ab
3026 3658 3202 3740 aliis
3270 3651 3778 3769 distinguan-

391 3794 582 3880 tur,
650 3774 732 3858 in
787 3777 1056 3890 primo
1113 3776 1476 3888 cujusvis
1530 3773 1718 3857 libri
1771 3770 1963 3858 folio
2043 3772 2245 3859 haec
2316 3774 2568 3857 verba
2623 3766 2872 3860 notet.
2937 3777 3112 3860 Hic
3160 3776 3375 3861 liber
3421 3797 3544 3863 est
3579 3781 3780 3864 Mo·

393 3898 747 3978 nasta-rii
790 3893 910 3983 N.
974 3893 1179 3981 ord.
1250 3895 1549 3980 Sancti
1610 3892 1977 3977 Antonii
2042 3895 2735 4010 Congregationis
2800 3896 2885 3979 S.
2951 3895 3255 3981 Isaiae.
3331 3898 3481 3987 III.
3549 3897 3776 3983 Nul-

388 4010 569 4095 lum
624 4013 930 4099 librum
982 4046 1079 4101 ex
1142 4013 1657 4102 Bibliotheca
1725 4017 2083 4128 cuipiam
2153 4011 2760 4101 Monachorum
2826 4011 3116 4124 dabit,
3196 4021 3373 4104 sine
3430 4017 3779 4104 Abbatis

393 4129 722 4216 licentia
759 4193 784 4237 ,
851 4164 1122 4252 neque
1174 4158 1507 4219 externo
1569 4138 1926 4248 cuipiam
1978 4136 2154 4220 sine
2206 4132 2533 4219 licentia
2590 4133 3267 4245 Congregationis
3321 4134 3774 4224 Monacho·

390 4279 637 4335 rum:
706 4273 790 4338 et
840 4250 1264 4357 advertat,
1318 4283 1423 4338 ne
1473 4255 1658 4370 quis
1710 4255 2017 4339 librum
2053 4317 2078 4359 ,
2151 4257 2396 4340 etiam
2454 4285 2647 4338 cum
2705 4254 3033 4341 licentia
3084 4320 3108 4362 ,
3175 4291 3260 4345 se
3308 4261 3571 4347 inscio
3649 4290 3780 4344 ac·

393 4372 670 4484 cipiat.
703 4370 1026 4460 Fratres
1087 4397 1365 4460 autem
1417 4373 1724 4491 quib-us
1773 4376 2156 4492 aliquem
2193 4375 2499 4461 librum
2557 4372 2849 4478 tradet,
2900 4381 3223 4492 propria
3280 4411 3533 4468 manu
3585 4381 3778 4464 scri·

391 4489 599 4577 bant
647 4493 732 4576 in
787 4491 1103 4580 Codice
1137 4553 1161 4596 ,
1215 4524 1386 4612 quo
1434 4493 1598 4599 die,
1665 4515 1749 4580 et
1822 4524 2072 4612 quem
2127 4495 2436 4581 librum
2490 4499 3006 4609 acceperint:
3075 4497 3468 4619 Cumque
3532 4498 3771 4584 illum

392 4614 959 4721 restituerint,
1029 4637 1302 4702 notam
1359 4612 1723 4720 deleant,
1757 4641 1900 4701 aut
1949 4645 1995 4700 e
2050 4618 2380 4727 regione
2428 4619 2836 4703 restitutio
2888 4624 3067 4732 ejus
3123 4646 3476 4709 notetur.
3518 4618 3776 4730 Quod

392 4735 459 4817 si
510 4736 862 4822 externis
907 4735 1221 4825 librum
1284 4736 1759 4823 exlicentia
1791 4799 1817 4841 ,
1872 4757 1967 4821 ut
2015 4766 2259 4850 supra
2310 4799 2333 4841 ‚
2400 4733 2725 4823 dederit
2774 4799 2799 4843 ,
2865 4740 3038 4852 ipse
3088 4740 3778 4831 Bibliothecarius

393 4852 478 4934 in
527 4852 843 4954 „codice
893 4860 1211 4945 notabit
1260 4853 1478 4944 diem
1509 4920 1534 4962 ,
1592 4887 2018 4970 personam
2050 4879 2214 4960 „et
2265 4878 2646 4971 tempus,
2702 4888 2871 4973 quo
2920 4860 3133 4947 'liber
3183 4867 3288 4950 sit
3340 4868 3775 4952 restituen-

394 4966 574 5057 dus.
644 4971 789 5060 IV.
852 4974 1309 5067 Monachos
1363 4973 1468 5063 ad
1521 4975 2117 5067 Bibliothecam
2170 4998 2337 5079 non
2377 4975 2769 5069 'admittat
2814 4982 2995 5067 sine
3056 4982 3384 5072 licentia
3418 5048 3440 5090 ‚
3507 4984 3774 5069 multo

392 5098 671 5181 minus
736 5118 1132 5186 externos.
1206 5095 1312 5180 V.
1379 5096 1798 5185 Abbatem
1865 5121 2254 5206 moneat,
2317 5101 2383 5191 si
2463 5130 2671 5219 quos
2734 5092 3213 5218 libros'pro
3275 5104 3777 5191 Monasterio

392 5246 728 5308 necesse
792 5218 896 5304 sit
962 5246 1484 5337 comparare:
1527 5219 1910 5327 nullum.
1951 5242 2232 5307 autem
2315 5220 2630 5312 librum
2691 5218 3003 5313 donare
3050 5286 3075 5328 ,
3152 5222 3514 5312 vendere
3563 5289 3588 5332 ,
3641 5224 3777 5312 vel

393 5341 937 5455 oppignorare
984 5341 1287 5454 poterit
1335 5342 1514 5425 sine
1574 5362 1943 5455 expressa
2007 5338 2685 5452 Congregationis
2754 5339 3361 5432 Monachorum
3413 5346 3773 5434 licentia.

393 5452 544 5546 Vt.
625 5458 945 5569 Curet,
1011 5483 1107 5547 nt
1154 5455 1668 5573 Bibliotheca
1736 5458 2048 5549 munda
2107 5462 2285 5569 sit,
2352 5482 2438 5548 et
2502 5465 3003 5577 composita,
3069 5495 3321 5583 quam
3380 5468 3635 5556 semel
3687 5469 3775 5553 in

395 5578 917 5697 hebdomada
951 5605 1254 5673 ,verret
1298 5644 1324 5689 ,
1388 5602 1473 5671 et
1519 5612 1631 5686 ex,
1680 5580 1912 5681 libris
1963 5583 2408 5696 ‚pulverem
2453 5586 2830 5671 excutiet.
2897 5583 3213 5681 Caveat
3274 5591 3524 5677 etiam
3572 5653 3604 5694 ,
3668 5619 3776 5677 ne

395 5705 588 5794 libri
649 5700 1198 5815 humiditate,
1249 5726 1395 5795 aut
1450 5703 1607 5795 alia
1669 5733 1761 5791 re
1817 5701 2274 5823 laedantur.
2337 5705 2532 5791 VII.
2597 5705 2877 5795 Semel
2932 5710 3019 5797 in
3083 5740 3305 5799 anno
3366 5711 3772 5800 librorum

920 5990 942 6033 Ὗ
1511 6012 1546 6043 0
