4834 6409
1034 571 1209 624 non
1248 539 1404 622 nisi
1437 536 1699 623 Nobis
1729 601 1757 639 ,
1808 537 1944 625 vel
1995 540 2630 628 successoribus
2687 536 2983 625 nostris
3033 539 3600 627 annuentibus
3636 600 3666 640 ,
3717 541 4232 629 amovebunt
4264 604 4291 648 ,
4343 564 4429 628 et

1030 663 1187 779 qui
1235 662 1809 777 quaternarius
1860 691 2259 747 numerus
2306 667 2488 757 sine
2538 692 2918 776 expresso
2967 682 3246 747 nostro
3302 664 4057 779 Successorumque
4109 684 4428 748 nostro-

1039 813 1281 887 rum,
1348 811 1443 865 ac
1492 780 2015 866 Venerabilis
2069 781 2437 896 Capituli
2491 785 2740 869 nostri
2807 813 3216 869 consensu
3269 783 3520 867 nullis
3598 810 3968 900 unquam
4041 786 4427 900 tempori-

1038 933 1203 1018 qus
1256 903 1590 1012 augeri,
1669 931 1820 987 nec
1870 905 2136 988 minui
2191 908 2466 1018 possit.

1159 1021 1511 1131 Quinto.
1566 1021 1843 1108 Erunt
1888 1054 2090 1111 vero
2140 1048 2498 1141 quatuor
2548 1025 2668 1109 illi
2720 1021 3212 1109 Missionarii
3252 1085 3278 1121 ,
3331 1020 3466 1108 vel
3515 1056 3560 1108 a
3602 1021 3954 1107 Summo
3987 1022 4421 1129 Pontifice,

1034 1142 1175 1231 vel
1222 1176 1271 1228 a
1322 1143 1568 1227 Sacra
1617 1138 2282 1254 Congregatione
2333 1145 2440 1231 de
2490 1140 3028 1257 Propaganda
3080 1140 3290 1229 Fide
3340 1142 3772 1256 approbati
3805 1207 3835 1246 ‚
3886 1141 4099 1230 idest
4149 1176 4428 1232 neces·

1034 1265 1263 1349 sariis
1313 1259 1421 1348 ad
1468 1261 1901 1349 Missiones
1954 1267 2464 1379 Apostolicas
2539 1267 2985 1382 privilegiis
3036 1298 3080 1350 a
3133 1266 3215 1349 S.
3273 1263 3517 1372 Sede,
3565 1264 3701 1353 vel
3751 1264 3858 1348 ab
3909 1298 4008 1352 eo
4042 1329 4067 1373 ,
4121 1269 4262 1352 cui
4311 1289 4430 1353 ta-

1047 1386 1145 1470 lis
1195 1380 1714 1493 delegabitur
1762 1380 2110 1470 facultas
2161 1450 2187 1494 ‚
2240 1389 2690 1473 instructis.

1157 1504 1424 1589 Sexto·
1482 1501 2254 1599 praesentabuntur
2306 1531 2583 1593 autem
2633 1504 2897 1591 Nobis
2949 1538 3144 1593 cum
3196 1506 3487 1618 primi,
3537 1538 3738 1590 cum
3775 1528 3860 1592 et
3929 1505 4056 1590 his
4106 1537 4424 1596 succes·

1038 1625 1233 1712 sivis
1284 1625 1800 1738 temporibus
1850 1626 2353 1737 subrogandi
2420 1625 2682 1719 forma
2751 1657 2937 1711 mox
2987 1658 3233 1741 supra
3285 1626 3636 1710 articulo
3686 1650 3984 1743 quarto
4035 1632 4428 1742 praescri·

1036 1769 1232 1860 pta,
1314 1767 1400 1829 et
1451 1746 1595 1829 ubi
1652 1748 1899 1831 semel
1952 1744 2284 1832 fuerint·
2328 1747 2433 1831 ad
2486 1749 2915 1832 Missiones
2987 1770 3298 1832 nostras
3351 1746 4012 1858 Salisburgenses
4075 1749 4424 1856 delecti,

1037 1886 1126 1952 e't
1170 1864 1591 1975 ablegati,
1644 1889 1894 1982 atque
1947 1901 1990 1953 a
2046 1869 2282 1952 nobis
2334 1873 2698 1983 recepti,
2763 1892 2845 1953 et
2897 1867 3322 1981 approbati
3366 1929 3392 1968 ,
3453 1869 3868 1974 integrum
3955 1874 4427 1956 memoratis

1041 1983 1523 2070 Abbatibus
1608 1984 1833 2070 haud
1896 2014 2069 2076 esto
2116 2054 2146 2093 ,
2209 1993 2383 2073 sive
2447 2020 2792 2093 omnes,
2863 1991 3033 2073 sive
3097 1985 3462 2097 singulos
3525 2021 3568 2073 a
3633 1991 4047 2074 Missionis
4115 1989 4428 2097 domn,

1034 2130 1125 2193 et
1208 2100 1487 2191 officio
1552 2137 2041 2214 removere,
2130 2113 2285 2194 nisi
2370 2109 2512 2192 ubi
2567 2112 2807 2221 primi
2887 2109 3165 2195 Patres
3228 2110 3591 2220 primum
3641 2111 4091 2195 triennium
4167 2143 4260 2196 ex
4309 2116 4435 2197 in·-

1036 2250 1275 2336 tegro
1328 2226 1883 2340 absolverint3
1937 2232 2360 2317 Secuturis
2410 2259 2610 2319 vero
2665 2234 2924 2315 annis
2961 2295 2985 2338 ‚
3050 2227 3406 2346 quilibet
3465 2227 4029 2317 Missionarius
4085 2235 4169 2316 in
4218 2231 4432 2316 indi·

1032 2345 1300 2433 ‘viduo
1360 2346 1776 2433 licentiam
1831 2349 2195 2438 abeundi
2261 2384 2304 2435 a
2375 2349 2610 2434 nobis
2694 2348 2936 2436 facile
3010 2348 3473 2453 obtinebit,
3540 2351 3651 2435 ita
3703 2371 3975 2439 tamen
4009 2418 4038 2456 ,
4103 2375 4198 2436 ut
4243 2355 4436 2439 sub-

1040 2469 1354 2580 rogatio
1430 2469 1774 2578 singulis
1839 2476 2073 2556 annis
2140 2472 2661 2582 singulariter
2741 2468 2937 2578 fiat,
3004 2500 3104 2555 eo
3169 2474 3561 2556 nimirum
3610 2469 3904 2557 ordine
3951 2474 4430 2582 observatu,

1045 2612 1531 2703 ut.semper
1597 2590 1733 2676 vel
1812 2622 2029 2677 unus
2115 2595 2399 2678 saltem
2471 2588 2682 2676 adsit
2732 2651 2755 2694 ‚
2822 2595 2965 2708 qui
3033 2593 3201 2703 jam
3274 2623 3423 2706 per
3485 2593 3894 2705 integrum
3985 2597 4434 2682 triennium

1031 2708 1532 2795 Missionarii
1599 2713 1686 2795 in
1739 2708 1990 2797 domo
2038 2708 3132 2828 praedicta-Schwazzachii
3208 2712 3666 2800 exercuerit
3746 2744 4110 2816 munus,
4202 2740 4439 2800 notos

1034 2829 1338 2915 habeat
1389 2828 1917 2916 subditorum
1967 2865 2287 2941 mores,
2351 2835 2457 2916 sit
2507 2832 2593 2916 in
2651 2861 2738 2915 re
2786 2831 3278 2917 Missionum
3343 2838 3756 2947 pract‘icus
3791 2898 3815 2941 ‚
3879 2839 4261 2952 potisque
4315 2840 4438 2922 in·

1042 2944 1363 3036 struere
1428 2956 1750 3038 noviter
1814 2951 2381 3073 advenientes.

1161 3070 1552 3184 Septimo.
1634 3072 1913 3159 Erunt
2000 3106 2244 3187 porro
2303 3080 2388 3160 in
2457 3102 2705 3159 omne
2781 3104 3078 3159 aevum
3163 3097 3343 3160 tum
3413 3075 3905 3164 Missionarii
3969 3141 3995 3185 ‚
4062 3109 4256 3163 cum
4355 3101 4438 3164 et

1038 3186 1339 3273 domus
1398 3191 1814 3277 Missionis
1873 3194 2150 3314 quoad
2236 3228 2329 3283 ea
2382 3260 2406 3303 ‚
2487 3225 2703 3312 quae
2762 3194 3176 3280 Missionis
3241 3200 3554 3280 munus
3640 3220 4218 3303 concernunt,
4288 3201 4438 3282 im·

1036 3305 1401 3395 mediate
1451 3373 1476 3416 ‚
1557 3336 1642 3399 et
1742 3317 1989 3401 unice
2090 3320 2381 3403 nostris
2433 3380 2457 3426 ,
2543 3339 3179 3431 nostrorumque
3279 3317 3863 3405 Successorum
3958 3317 4368 3404 mandatis
4402 3383 4429 3426 ,

1041 3426 1319 3548 quoad
1386 3427 1904 3547 disciplinam
1989 3437 2533 3526 Monasticam
2617 3467 2876 3542 vero,
2940 3459 3191 3553 atque
3233 3435 3537 3524 domus
3614 3444 4228 3524 oeconomicam
4311 3436 4433 3523 di-

1040 3552 1554 3659 rectionem,
1624 3552 1872 3667 hujus
1963 3588 2112 3671 pro
2188 3584 2557 3674 tempore
2637 3560 3059 3669 Superiori
3143 3557 3575 3671 subjecti,
3669 3561 4131 3646 visitatione
4219 3561 4439 3645 illius

1036 3693 1315 3756 tamen
1382 3672 1819 3760 antedictis
1884 3678 2356 3765 Abbatibus
2429 3676 2693 3765 modis
2731 3742 2754 3785 ‚
2811 3702 2892 3764 et
2941 3677 3224 3762 formis
3261 3739 3284 3783 ,
3353 3682 3657 3795 quibus
3714 3679 4112 3767 hactenus
4166 3683 4252 3764 in
4317 3683 4436 3767 vi-

1040 3788 1359 3876 sitanda
1411 3791 1566 3880 hac
1619 3818 1889 3882 nostra
1951 3798 2517 3887 Universitate
2586 3800 2946 3908 legitime
3020 3800 3142 3884 usi
3192 3820 3388 3882 suut
3425 3863 3448 3905 ‚
3491 3832 3870 3889 concessa
3911 3866 3935 3906 ,
4003 3800 4265 3886 Nobis
4327 3799 4434 3888 de

1040 3934 1373 4019 cotem,
1440 3938 1522 3999 et
1584 3918 2215 4004 Successoribus
2298 3923 2587 4006 nostris
2650 3923 2826 4005 sine
2892 3919 3054 4004 ulla
3144 3918 3797 4008 contradictione
3869 3945 4434 4037 praestantes,

1040 4056 1124 4121 et
1199 4036 1475 4119 omnia
1553 4066 1645 4121 ea
1712 4035 2257 4151 adimplentes
2295 4104 2322 4144 ‚
2386 4039 2492 4126 ad
2579 4070 2792 4156 quae
2844 4039 3286 4148 Regulares
3343 4043 3567 4142 iuxta
3621 4045 4213 4157 praescriptum
4291 4043 4434 4127 Sa-

915 4158 941 4175 ”
1046 4156 1166 4242 cri
1218 4152 1581 4240 Concilii
1644 4155 2176 4265 Tridentini,
2245 4186 2875 4276 nostrarumque
2925 4158 3640 4248 Constitutionum
3692 4161 4232 4276 Synodalium
4265 4228 4289 4271 ‚
4356 4162 4440 4249 et

1039 4275 1693 4361 Provincialium
1747 4276 2211 4366 Ordinariis
2291 4282 2662 4366 locorum
2714 4282 2910 4366 alias
2995 4302 3431 4390 tenentur,
3495 4288 3783 4401 sicque
3832 4286 4050 4370 salva
4128 4289 4213 4370 in
4283 4284 4438 4371 hac

1036 4396 1453 4482 Missionis
1504 4394 1809 4504 domn,
1868 4420 1953 4482 et
2003 4400 2557 4487 Missionarios
2620 4401 2932 4488 ibidem
2984 4405 3475 4508 existentes,
3540 4405 4044 4491 Dioecesana
4077 4470 4101 4511 ‚
4142 4428 4227 4492 et
4276 4406 4435 4491 Or-

1038 4513 1359 4602 dinaria
1415 4540 1684 4602 nostra
1737 4517 2362 4633 jurisdictione,
2431 4553 2752 4609 necnon
2838 4526 3021 4634 jure
3087 4521 3606 4636 Principatus
3675 4552 3989 4632 terrae,
4056 4555 4137 4613 et
4188 4525 4438 4613 advo-

1040 4639 1359 4742 catiae‚
1424 4640 1492 4722 si
1565 4663 2137 4730 verumtamen
2216 4667 2310 4728 ut
2397 4644 2633 4728 nobis
2684 4706 2708 4747 ,
2775 4664 2860 4729 et
2937 4647 3569 4731 successoribus
3637 4652 3932 4734 nostris
4009 4646 4435 4735 dumtaxat

1041 4759 1289 4843 etiam
1352 4755 1630 4876 quoad
1727 4764 1876 4849 ista
1927 4826 1952 4869 ,
2020 4765 2143 4849 uti
2205 4768 2742 4878 praemissum
2782 4826 2807 4870 ‚
2893 4788 2977 4851 et
3053 4765 3298 4849 unice
3379 4790 3463 4852 et
3552 4768 4031 4856 immediate
4108 4799 4430 4887 semper

1038 4878 1530 4992 subjaceant
1598 4948 1607 4957 .
2684 4958 2690 4965 .
3117 4910 3126 4915 ’

1159 4997 1508 5087 Octavo·
1572 4999 2124 5116 Designamus
2201 5028 2479 5093 autem
2550 5007 2737 5121 ipsis
2787 5009 3191 5122 privative
3241 5010 3348 5099 ad
3397 5008 3960 5127 peragendum
4011 5008 4426 5097 Missionis

1036 5120 1566 5236 Apostolicae
1616 5151 1922 5210 munus
1974 5128 2327 5239 integras
2386 5125 2948 5214 praefecturas
2998 5128 3101 5215 ad
3154 5134 3234 5220 S.
3265 5132 3671 5219 Joannem
3704 5196 3728 5239 ‚
3794 5128 3902 5218 ad
3943 5130 4033 5216 ·S.
4087 5129 4428 5237 Vitum,

1036 5261 1124 5326 et
1208 5239 1586 5356 Goldegg
1658 5274 1855 5330 cum
1936 5246 2756 5336 praeturis-Gastein
2807 5311 2831 5354 ‚
2898 5248 3293 5359 Grosarl,
3359 5277 3441 5339 et
3515 5254 3912 5364 Wagrain
3952 5315 3977 5359 ,
4045 5283 4210 5370 qua
4280 5251 4434 5337 ha‘e

1040 5390 1327 5450 omnes
1378 5364 1540 5451 late
1591 5387 1931 5480 patent,
1999 5367 2277 5487 quoad
2333 5370 2865 5485 temporalem
2949 5403 3097 5487 per
3180 5406 3327 5461 nos
3387 5377 3579 5489 ipsis
3630 5369 4073 5461 Praefectis
4136 5374 4430 5460 nostris

1039 5479 1501 5594 delegatam
1551 5483 2250 5600 jurisdictionem.

1162 5602 1431 5695 Nono.
1496 5602 1617 5697 Et
1666 5610 1754 5695 in
1806 5611 2112 5731 quibus
2173 5614 2542 5732 ipsorum
2592 5610 3300 5713 Missionariorum
3349 5613 3723 5719 officium
3768 5615 3956 5710 finis
3989 5680 4017 5730 2
4069 5636 4155 5706 et
4197 5641 4431 5736 prae:
