4834 6409
1099 429 1150 480 o
3794 477 3800 483 .

1031 405 1317 602 debito
1383 487 1848 610 admoniti,
1916 534 2164 623 quam
2238 502 2547 592 crebris
2607 501 3062 589 multorum
3139 497 3548 591 Catholici
3616 504 3927 613 Orbis,
4014 536 4110 596 ac
4163 511 4398 628 praea

1027 639 1311 722 sertim
1395 630 1714 714 Galliae
1781 627 2384 743 Episcoporum
2425 688 2449 730 ,
2533 626 2915 739 precibus
2999 628 3323 712 excitati
3370 660 3390 706 τ
3463 630 3667 745 quin
3720 632 3964 716 etiam
4017 631 4171 743 piis
4210 697 4235 744 ,
4291 666 4387 721 ac

1024 761 1346 869 saepius
1425 751 1784 864 repetitis
1848 748 2034 833 clar.
2126 778 2371 834 mem.
2429 744 2839 831 Ludovici
2888 741 3176 851 XIV.‘,
3253 745 3453 833 dum
3522 751 3726 835 vixit
3773 778 3826 854 ,’
3869 750 4383 839 Francorum

1028 875 1272 985 Regis
1325 871 1997 955 Christianissimi
2048 871 2313 975 votis,
2384 892 2467 953 et
2506 863 2807 951 ‘officiis
2884 863 3276 973 adducti,
3331 863 3901 988 quascumque
3959 874 4390 984 potuimus

1026 989 1551 1109 Apostolicae
1620 1012 1943 1074 nostrae
1999 988 2547 1074 solicitudinis
2596 1010 2923 1101 parteS‚
3010 986 3457 1102 adjuvante
3540 988 3957 1096 Domine,
4023 993 4393 1105 interpo-

1029 1105 1225 1200 nere
1274 1144 1443 1196 non
1506 1112 2227 1224 praetermisimus.
2310 1108 2551 1215 Quae
2610 1132 2883 1192 autem
2923 1170 2947 1212 ,
3012 1131 3095 1193 et
3145 1133 3453 1227 quanta
3505 1112 3590 1193 in
3657 1108 3813 1194 hoc
3865 1106 4162 1218 arduo,
4214 1113 4388 1223 gra-

1028 1235 1533 1347 vissimoque
1587 1232 1916 1339 negotio
1984 1260 2130 1341 per
2177 1229 2455 1341 plures
2520 1231 3242 1338 annosegerimus
3278 1292 3302 1334 ‚
3371 1255 3455 1317 et
3499 1232 3712 1343 passi
3764 1232 4014 1314 simus
4049 1293 4075 1336 ,
4137 1260 4392 1349 quae-

1028 1384 1135 1439 ve
1185 1348 1849 1437 inobedientium
1902 1347 2336 1432 hominum
2369 1413 2391 1455 ,
2457 1374 2538 1435 et
2588 1379 3039 1463 paucorum
3088 1347 3392 1466 (quod
3455 1347 3695 1436 valde
3757 1347 4131 1436 dolentes
4183 1349 4390 1438 dici-

1030 1471 1284 1587 mus)
1335 1470 1777 1553 illustrium
1826 1471 2072 1552 etiam
2122 1468 2684 1556 Ecclesiarum
2736 1470 3231 1553 Antistitum
3266 1471 3588 1557 veritati
3639 1500 3806 1554 non
3858 1474 4385 1588 acquiescen-

1033 1594 1249 1676 tium
1319 1622 1565 1706 opera
1647 1591 1734 1672 in
1785 1585 2008 1673 idem
2086 1588 2493 1699 inclytum
2573 1620 2918 1698 regnum
2981 1590 3192 1674 mala
3266 1598 3850 1704 provenerint,
3918 1590 4156 1678 vobis
4220 1587 4393 1678 fere

1035 1711 1424 1816 omnibus
1473 1712 1817 1794 minime
1865 1710 2140 1818 ignota
2193 1738 2364 1792 esse
2412 1713 2991 1794 ‘existimamus
3053 1710 3494 1827 Postquam
3542 1707 3954 1828 siquidem
3994 1773 4018 1816 ,
4072 1708 4390 1800 Divino

1032 1834 1120 1916 in
1180 1834 1461 1946 primis
1515 1830 1947 1942 implorato
1995 1827 2454 1942 praesidiO,
2508 1861 2870 1946 curaque
2922 1831 3213 1935 omni,
3265 1827 3594 1935 studi0‚
3658 1860 3753 1915 ac
3805 1829 4139 1936 labore,
4203 1831 4396 1945 pro-

1033 1975 1130 2035 ut
1179 1955 1298 2037 rei
1347 1953 1696 2059 gravitas
1746 1948 2231 2062 exposcebat
2264 2013 2293 2052 ,
2359 1950 2816 2035 diutissime
2867 1950 3231 2055 collatis,
3284 1947 3674 2037 adversus
3722 1948 4240 2063 praedictum
4292 1950 4348 2033 li
4366 2001 4395 2017 -

1028 2069 1281 2155 brum
1344 2069 2046 2156 Constitutionem
2100 2093 2457 2154 nostram
2496 2135 2518 2177 ,
2598 2101 2810 2188 quae
2873 2073 3216 2182 incipit.-
3299 2071 3801 2188 Unigenitus
3849 2071 4026 2154 Dei
4068 2069 4379 2155 Filius:

1033 2222 1252 2276 anno
1308 2190 1905 2277 Incarnationis
1953 2190 2444 2276 Dominicae
2493 2192 2928 2275 millesimo
2963 2193 3682 2303 septingentesimo
3733 2187 4059 2276 decimo
4108 2193 4387 2293 terti0,

1031 2335 1258 2397 sexto
1345 2307 1530 2394 idus
1610 2309 2113 2423 Septembris
2176 2306 2485 2396 editam
2550 2313 3302 2426 promulgavimus3
3382 2313 3468 2394 in
3521 2342 3689 2427 qua
3742 2310 4019 2425 plures
4103 2313 4391 2395 noxios

1032 2430 1419 2516 articulos
1470 2461 1569 2516 ex
1618 2427 1912 2515 eodem
1962 2431 2176 2514 libro
2242 2455 2663 2546 excerptos
2712 2434 3074 2518 censuris
3124 2433 3367 2517 variis
3399 2495 3431 2534 ,
3481 2461 3685 2547 quas
3735 2431 4188 2544 respective
4214 2494 4246 2533 ,
4302 2452 4398 2515 ut·

1033 2553 1325 2659 ajunt,
1390 2548 1552 2633 hoc
1614 2571 1787 2655 est,
1854 2549 2162 2659 singuli
2237 2550 2601 2667 aliquam
2671 2553 2955 2637 saltem
3033 2580 3323 2636 eorum
3388 2550 3979 2655 merebantur,
4068 2571 4396 2636 notatos

1027 2699 1180 2784 pro
1229 2667 1482 2783 hujus
1533 2667 1880 2754 Sanctae
1958 2666 2191 2753 Sedis
2257 2700 2485 2756 more
2604 2674 3223 2787 roscripsimus:
3296 2666 3763 2784 cujusmodi
3825 2665 4171 2755 remedii
4244 2701 4390 2757 ne·

1031 2791 1493 2877 cessitatem
1560 2812 1739 2876 tum
1803 2812 2306 2877 memoratus
2351 2703 2863 2879 ⁴Lud'ovicus
2932 2788 3159 2894 Rex,
3241 2813 3421 2874 tum
3500 2789 3877 2907 plerique
3942 2820 4041 2874 ex
4114 2785 4393 2876 Gallia

1027 2906 1425 3023 Episcopi
1500 2907 1947 3021 supradicti
2003 2914 2309 2994 iteratis
2393 2911 3084 2995 obtestationibus
3155 2910 3842 3014 inculcaverant,
3912 2939 4081 2993 non
4153 2910 4396 2996 aliter

1028 3027 1363 3113 suborta
1412 3025 1743 3110 dissidia
1807 3025 2072 3111 sedari
2122 3058 2355 3140 posse
2404 3054 2871 3138 constanter
2919 3026 3471 3141 affirmantes3
3528 3051 3694 3115 tota
3744 3025 4088 3146 quidem
4141 3026 4394 3114 Chri-

1027 3149 1132 3230 sti
1178 3146 1552 3231 Ecclesia
1627 3145 1970 3230 Petrum
2046 3176 2191 3258 per
2237 3146 2461 3254 Nos,
2552 3151 2869 3234 tametsi
2942 3147 3380 3258 indignos,
3465 3151 3951 3268 loquentem
4037 3173 4319 3234 secuta
4357 3213 4385 3258 ‚

641 3287 1006 3358 Prae-dictae
1031 3266 1591 3379 Apostolicam
1643 3259 2017 3380 ejusdem
2067 3265 2701 3354 Constitutionis
2749 3267 3212 3356 doctrinam
3279 3267 3566 3374 debito
3615 3269 4018 3386 obsequio
4052 3331 4078 3374 ,
4132 3292 4391 3386 atque

644 3383 973 3492 ίξῡΰξῑῑῑῦ·
1031 3381 1503 3471 obedientia
1552 3389 1934 3498 suscepit.
2021 3388 2138 3471 At
2182 3387 2688 3493 Novatores,
2770 3392 2915 3507 qui
2965 3413 3430 3506 sequuntur
3478 3389 3856 3502 spiritum
3931 3419 4175 3473 suum
4226 3451 4251 3495 ‚
4315 3410 4399 3476 et

640 3472 973 3632 ξζὲζῃῖἓζ
1031 3503 1241 3589 nihil
1290 3503 1580 3594 vident
1615 3566 1639 3608 ,
1709 3535 1808 3591 ex
1877 3508 2341 3594 inconsulta
2391 3507 2873 3595 eorumdem
2959 3540 3416 3622 paucorum
3497 3508 3988 3592 Antistitum
4042 3505 4389 3594 haesita-

645 3677 777 3719 non
853 3610 1257 3720 obstione
1319 3629 1432 3711 ita
1507 3626 1821 3709 animos
1889 3625 2362 3711 extulerunt
2410 3690 2434 3734 ‚
2528 3653 2625 3714 ut
2700 3626 3170 3715 incredibili
3250 3626 3594 3713 audacia
3676 3625 4388 3713 Constitutionem

645 3745 958 3814 stantibus
1029 3745 1291 3856 ipsam
1336 3773 1715 3857 perverse
1762 3746 2282 3857 interpretari
2327 3810 2358 3849 ,
2419 3770 2506 3833 et
2569 3750 2971 3835 incessere
3017 3815 3048 3854 ,
3114 3779 3581 3865 pravaeque
3647 3750 3896 3833 etiam
3962 3744 4393 3864 doctrinae

644 3858 1176 3995 fiffssmssffper
1225 3861 1749 3977 impudentes
1809 3864 2261 3950 calumnias
2309 3868 2786 3955 insimulare
2850 3899 3021 3955 non
3083 3869 3591 3954 erubuerint.
3667 3867 3959 3985 Itaque
3996 3931 4019 3975 ‚
4096 3889 4193 3954 ut
4256 3899 4381 3955 rc-

645 3975 980 4107 impu'den-
1029 3981 1436 4070 luctantes
1484 3982 2136 4100 illosEpiscopos
2184 3983 2292 4070 ad
2339 3986 2724 4074 sectanda
2769 3988 3152 4074 Fratrum
3203 4018 3541 4073 suorum
3588 3990 3926 4099 vestigia
3980 3990 4391 4079 excitare-

644 4111 732 4176 tia
770 4156 789 4189 ,
844 4111 1006 4177 exci-
1031 4133 1215 4188 mus
1252 4167 1275 4211 ,
1344 4135 1440 4191 ac
1511 4103 1939 4189 turbarum
1982 4166 2005 4209 ‚
2067 4106 2639 4224 malorumque
2691 4110 3069 4192 'omnium
3117 4104 3491 4192 fomitem
3526 4172 3557 4211 ,
3621 4137 3873 4227 quern
3922 4106 4388 4221 improvida

642 4200 1004 4308 tatrfuqre
1030 4222 1168 4309 illa
1218 4226 1641 4311 cunctatio
1703 4226 2369 4328 ministraverat,
2457 4231 3115 4337 extingueremus
3152 4288 3177 4332 ‚
3250 4230 3683 4313 canonicas
3751 4225 4390 4316 animadversio-

640 4294 1178 4465 ἒξῖἓῖἓὲζρεε
1227 4367 1411 4455 post
1457 4341 1853 4429 diuturna
1904 4347 2154 4429 trium
2221 4376 2631 4432 annorum
2687 4347 3325 4459 longanimitatis
3390 4349 3941 4460 experimenta
3996 4343 4394 4433 adhibere

645 4492 710 4543 et
743 4465 1740 4584 S.·R.E·constitueramuS.
1795 4463 2112 4550 Verum
2164 4466 2821 4554 Venerabiles'F
2826 4490 3071 4553 ratres
3123 4468 3380 4552 nostri
3433 4468 3511 4551 S.
3556 4466 3653 4550 R.
3703 4467 3809 4550 E.
3864 4465 4388 4573 Cardinale5‚

637 4568 942 4725 gardfflffl·
1029 4581 1532 4696 quibuscum
1585 4584 1984 4669 rationem
2052 4586 2370 4670 consilii
2442 4590 2694 4672 nostri
2747 4590 3359 4673 communicare
3429 4617 3787 4704 aequum
3839 4619 4013 4675 esse
4064 4591 4386 4675 censui-

636 4683 955 4841 Ρξζὲθῐζη,
1022 4731 1267 4804 muS,
1335 4701 1508 4786 Nos
1570 4707 1805 4789 enixe
1859 4704 2552 4813 obsecraverunt,
2635 4730 2731 4793 ut
2800 4709 3215 4821 paulisper
3291 4740 3334 4791 a
3388 4708 3937 4794 severioribus
4004 4704 4390 4794 remediis

639 4843 787 4908 dam
853 4821 1558 4942 obe-supersedere
1601 4824 2003 4911 vellemus
2040 4888 2063 4932 ‚
2107 4821 2310 4911 dum
2364 4829 2695 4912 interim
2734 4826 3320 4913 communibus
3370 4827 3626 4914 literis
3664 4826 4088 4939 Collegam
4144 4857 4392 4913 suum

632 4934 972 5089 diffindam:
1025 4938 2025 5031 Constitutioni·nostrae
2091 4975 2263 5032 sese
2330 4947 2740 5062 subjicere
2809 4947 3463 5054 detrectantem,
3532 4971 3780 5066 atque
3847 4947 4139 5032 iisdem
4182 4978 4394 5062 ‘pto-

642 5039 995 5184 {iungi-¹²⁰
1025 5086 1300 5174 pterea
1390 5060 2242 5150 animadversionibus
2293 5067 2742 5152 obnoxium
2809 5067 2915 5153 ad
2964 5070 3300 5154 unitatis
3337 5130 3360 5173 ‚
3431 5090 3512 5154 et
3569 5071 3790 5186 pacis
3853 5067 4188 5153 consilia
4270 5100 4393 5154 re-

1023 5211 1319 5270 vocare
1376 5206 1900 5269 conarentur.
1949 5185 2271 5270 Eorum
2327 5191 2575 5297 igitur
2625 5189 3009 5301 precibus
3058 5212 3515 5275 annuentes
3553 5253 3582 5292 ,
3644 5219 3747 5273 ne
3796 5218 4049 5304 quam
4101 5187 4389 5274 lenita-

1027 5304 1129 5387 tis
1198 5306 1419 5391 viam
1472 5305 1960 5391 intentatam
2012 5307 2668 5423 relinqueremus
2702 5372 2732 5412 ,
2786 5339 2936 5421 per
3000 5309 3178 5395 illas
3238 5312 3447 5423 ipsas
3497 5306 3870 5393 inducias
3920 5305 4092 5392 Nos
4169 5335 4387 5423 quo,-

1027 5451 1193 5536 que
1243 5421 1349 5507 ad
1399 5424 1836 5510 ‘universos
1886 5424 2625 5541 ArchiepiscopOS,
2678 5453 2759 5514 et
2791 5429 3243 5543 Episcopos
3298 5428 3560 5536 Regni
3611 5425 4067 5513 Galliarum
4117 5425 4388 5510 literas

1026 5541 1115 5623 in
1197 5537 1466 5633 forma
1515 5542 1800 5640 Brevis
1864 5543 2000 5634 die
2075 5579 2197 5634 xx.
2268 5545 2764 5640 Novembris
2797 5546 3430 5664 'MDCCXVL
3469 5543 3882 5662 expeditas
3948 5541 4384 5648 dedinmS,
