4834 6409
397 527 778 646 nondum
827 533 1365 649 praestitisse,
1434 534 1626 652 quia
1684 554 2129 643 verentur,
2195 563 2305 624 ne
2364 563 2514 649 per
2589 533 2815 620 illam
2867 533 3300 623 catholica
3349 533 3770 648 Dogmata

400 655 978 768 convellantur
1007 651 1037 737 i
1074 686 1205 762 ,ne
1257 652 1694 755 laudabilis
1724 719 1754 759 ,
1818 678 1901 743 et
1949 656 2056 742 ab
2105 655 2261 742 hac
2345 655 2642 744 Sancta
2698 650 2911 752 Sede
2957 657 3300 770 probata
3350 655 3765 743 Ecclesia-

401 771 1102 896 stica-disciplina
1142 771 1724 886 infringatur:
1796 805 2006 862 neve
2091 774 2433 878 demum
2508 772 2999 861 salubriores
3096 775 3765 878 Christianorum

398 923 731 998 morum
783 894 1114 1005 regulae
1162 893 1801 1005 subvertantur3
1854 891 2084 1012 quod
2137 895 2379 1010 plane
2440 891 2676 999 idem·
2728 917 2851 980 est
2915 925 3011 981 ac
3056 895 3384 1000 vereri,
3451 925 3558 979 ne
3626 892 3778 980 de·-

399 1008 691 1126 fecerit
738 1010 987 1131 Fides
1039 1014 1325 1120 Petri,
1388 1035 1733 1131 totaque
1779 1012 2086 1107 Christi
2123 1015 2500 1102 Ecclesia
2551 1016 3014 1124 magisterio
3052 1014 3580 1127 Apostolicae
3621 1041 3774 1098 vo·

403 1133 530 1220 cis
570 1129 886 1218 imbuta
939 1165 983 1219 a
1033 1134 1165 1219 via
1216 1129 1583 1222 veritatis
1617 1189 1647 1237 ,
1724 1156 1807 1219 et
1881 1134 2164 1219 salutis
2214 1135 2626 1219 erraverit.
2681 1132 3106 1219 Praeterea
3137 1195 3162 1237 ,
3228 1154 3326 1217 ut
3370 1135 3777 1245 pessimae

410 1280 703 1336 causae
766 1248 1303 1364 splendidum
1356 1255 1905 1365 patrocinium
1978 1253 2463 1362 concilient,
2524 1248 3104 1366 praefataeque
3153 1250 3758 1336 Constitutioni

407 1371 805 1483 majorem
855 1367 1452 1488 undecumque
1500 1368 1901 1456 invidiam
1947 1368 2303 1478 faciant,
2353 1400 2454 1470 se,
2490 1370 2595 1458 ab
2654 1399 2750 1456 ea
2797 1368 3317 1483 suscipienda
3369 1368 3766 1460 retardari

409 1484 889 1594 affirmant,
949 1520 1055 1578 eo
1116 1491 1347 1606 quod
1403 1493 1925 1602 suspicentur
1988 1520 2133 1603 per
2207 1489 2438 1575 illam
2502 1485 2884 1590 damnari¹
2937 1490 3385 1580 sententias
3424 1551 3449 1593 ,
3516 1509 3772 1605 atque

407 1604 873 1715 doctrinas,
953 1640 1156 1724 quas
1216 1609 1611 1721 insignes·
1659 1605 2283 1693 Catholicorum
2378 1606 2712 1700 scholae
2795 1607 3110 1725 absque
3183 1607 3354 1691 ulla
3417 1638 3774 1693 censura

407 1723 810 1813 hactenus
860 1750 1363 1830 tenuerunt,
1428 1758 1533 1812 ac
1573 1725 2145 1838 tradiderunta
2205 1725 2430 1816 Cum
2481 1748 2758 1814 tamen
2789 1789 2836 1832 ,.
2872 1729 3032 1812 nisi
3080 1726 3186 1812 ab
3235 1729 3595 1844 antiquis
3645 1758 3775 1814 se·

405 1846 684 1964 mitis,
757 1847 1420 1961 sanctorumque
1472 1844 1808 1930 Patrum
1862 1850 2221 1958 vestigiis
2256 1909 2283 1954 ,
2346 1851 2518 1932 imo
2580 1868 2664 1932 et
2742 1846 2847 1931 ab
2909 1843 3391 1932 earumdem
3461 1846 3774 1932 schola·

414 1994 601 2078 rum
654 1967 1087 2070 institut0,
1153 1962 1380 2082 quod
1428 1964 1703 2065 verbis
1752 1964 2249 2077 profitentur
2291 2028 2319 2071 ,
2389 1967 2653 2080 reipsa
2703 1968 3273 2072 recessissent,
3338 1967 3602 2079 probe
3654 1996 3783 2052 re-

358 2084 733 2176 ·minisci
786 2083 1192 2172 deberent
1234 2145 1259 2187 ,
1325 2081 1552 2198 quod
1634 2084 1964 2169 illarum
2026 2085 2449 2199 Principes
2499 2146 2524 2190 ‚
2591 2114 2950 2201 quorum
3020 2086 3356 2171 nomina
3426 2086 3789 2199 pertina‘-

417 2204 597 2292 ciac
644 2234 839 2293 suae
888 2228 1198 2291 temere
1243 2199 1852 2315 praetendunt,
1906 2201 2612 2321 quemadmodum
2667 2225 2750 2288 et
2799 2205 3044 2289 ceteri
3083 2205 3568 2290 illustriores
3617 2203 3782 2289 Ec·

416 2322 713 2435 clesiae
760 2327 1249 2437 scriptoreS,
1303 2351 1549 2406 suum
1598 2352 1920 2435 semper
1967 2353 2138 2409 esse
2189 2319 2607 2409 duxerunt
2639 2385 2667 2427 ,
2721 2345 2812 2407 ut
2866 2324 2972 2407 ab
3034 2323 3509 2436 Apostolica
3559 2321 3792 2410 Sede

414 2438 829 2528 discerent
889 2439 1093 2561 quid
1162 2438 1558 2547 credere,
1636 2440 1847 2557 quid
1922 2464 2256 2548 tenere,
2327 2441 2537 2559 quid
2591 2438 2896 2527 docere
2956 2438 3424 2548 deberent,
3513 2463 3612 2527 ut
3682 2444 3791 2528 ad

413 2558 642 2648 illam
689 2565 987 2674 scripta
1051 2592 1195 2646 sua
1247 2559 1848 2666 examinanda,
1908 2584 1993 2646 et
2057 2556 2594 2666 emendanda⁴
2648 2557 3102 2668 dirigerent
3150 2593 3171 2643 t
3241 2583 3337 2647 ut
3403 2558 3635 2646 inde·
3670 2562 3797 2645 lu·

416 2708 608 2766 men
665 2679 1147 2768 Catholicae
1198 2676 1435 2774 Fidei
1485 2680 1999 2790 reciperent,
2040 2679 2188 2766 ubi
2244 2708 2405 2762 non
2446 2699 2718 2789 posset
2771 2676 3019 2762 Fides
3067 2684 3240 2791 ipsa
3291 2683 3597 2763 sentire
3645 2679 3790 2764 de-

419 2794 779 2906 fectum:
837 2823 930 2885 ut
992 2829 1239 2884 nemo
1303 2827 1591 2885 eorum
1676 2794 2040 2915 denique
2090 2797 2580 2882 sententiam
2635 2825 2870 2880 suam
2921 2793 3584 2883 adversus'Petri
3653 2827 3794 2881 au·

417 2918 877 3004 ctoritatem
929 2915 1435 3004 defenderet.
1492 2915 1887 3016 Ceterum
1939 2920 2022 3001 in
2076 2914 2236 3002 hoc
2287 2917 2464 3029 ipso
2502 2935 3021 3026 praepostero
3086 2911 3402 3026 judicio
3453 2945 3795 3001 consue-

420 3058 603 3119 tum
658 3033 1600 3122 calumniandimorem
1668 3066 1832 3121 non
1880 3034 2530 3151 derelinquunt:
2598 3033 2756 3116 nisi
2809 3032 3035 3118 enim
3101 3058 3573 3120 excaecaret
3658 3066 3803 3119 eos

422 3153 736 3262 malitia
789 3185 1132 3257 eorum,
1202 3183 1297 3237 ac
1348 3156 1502 3256 nisi
1558 3151 1992 3263 diligerent
2041 3156 2298 3263 magis
2358 3151 2797 3257 tenebras,
2865 3171 3114 3267 quam
3180 3152 3453 3238 lucem
3489 3216 3513 3258 ,
3572 3157 3805 3262 igno·
3896 3155 3900 3160 ⁴

423 3302 602 3359 rare
664 3302 830 3358 non
883 3272 1288 3357 deberent
1333 3275 1778 3376 sententias
1830 3273 2005 3358 illas
2055 3336 2079 3378 ,
2146 3303 2241 3357 ac
2291 3269 2796 3374 doctrinas„
2834 3301 3035 3386 quas
3099 3273 3252 3385 ipsi
3303 3303 3501 3358 cum
3573 3303 3798 3358 erro·

427 3390 660 3475 ribus
707 3422 853 3505 per
936 3390 1112 3476 Nos
1156 3388 1567 3476 damnatis
1645 3388 2232 3497 confundunt,
2302 3389 2568 3503 palam
2610 3450 2635 3494 ‚
2724 3410 2811 3474 et
2857 3390 3116 3477 libere
3180 3393 3268 3476 in
3346 3390 3803 3477 Catholicis

430 3507 734 3594 scholis
768 3575 799 3613 ,
864 3513 1109 3614 etiam
1186 3533 1369 3628 post
1429 3507 1732 3595 editam
1791 3543 1832 3595 a
1884 3510 2147 3606 Nobis
2209 3531 2746 3594 memoratam
2798 3508 3504 3596 constitutionem
3544 3573 3571 3613 ,
3637 3510 3798 3595 sub

388 3627 698 3714 'oculis
748 3631 1042 3716 nostris
1099 3626 1444 3733 doceri,
1512 3651 1759 3746 atque
1822 3626 2219 3735 defendi,
2289 3629 2634 3743 illasque
2719 3650 3151 3740 propterea
3235 3631 3579 3715 minime
3650 3660 3798 3742 per

430 3778 615 3833 eam
698 3743 945 3835 fuisse
1022 3751 1539 3861 proscriptas.
1601 3748 1918 3834 Verum
1967 3743 2519 3861 supercecidit
2570 3749 2780 3855 ignis
2856 3751 3467 3855 contentioniS,
3531 3772 3615 3833 et
3667 3781 3799 3835 ac-

435 3866 966 3973 mulationiS‚
1033 3888 1117 3952 et
1180 3897 1346 3951 non
1417 3863 1808 3975 viderunt
1874 3868 2130 3952 solem
2215 3861 2767 3951 lucidissimae
2816 3866 3208 3953 veri-tatis.
3274 3867 3514 3953 Hinc.
3586 3874 3806 3982 justo

434 3977 600 4080 Dei
652 3983 969 4100 judicio
1020 3985 1534 4070 ambulantes
1585 3989 1666 4069 in
1725 3987 2085 4072 tenebris
2137 3987 2522 4081 nesciunt
2567 3984 2868 4096 plane,
2919 4014 3088 4098 quo
3125 3984 3455 4071 vadant.
3556 3988 3799 4072 Scan-

448 4097 733 4188 dalum
785 4106 1188 4220 siquidem
1243 4102 1349 4190 de
1400 4102 2011 4189 Constitutione
2061 4103 2355 4205 Nostra
2405 4105 3198 4198 comminiscuntur:
3248 4103 3395 4190 sed
3444 4132 3530 4191 se
3586 4107 3810 4218 ipsos

439 4223 716 4335 potius
764 4220 871 4305 de
918 4224 1325 4334 pervicaci
1374 4250 1517 4306 sua
1567 4222 2137 4309 inobedientia
2215 4218 2697 4309 scandalum
2750 4218 3019 4312 facere
3087 4252 3256 4308 non
3321 4248 3808 4335 agnoscuntt

448 4340 1060 4426 sacrosanctam
1113 4338 1659 4452 Episcopatus
1707 4342 2226 4452 Dignitatem
2281 4341 2637 4434 exaltare
2703 4371 2788 4427 se
2841 4340 3058 4427 velle
3107 4338 3585 4453 declamm3
3671 4332 3818 4428 sed

445 4488 536 4564 re
584 4462 753 4572 ipsa
806 4455 1335 4571 deprimunt,
1387 4455 1591 4543 dum
1644 4462 1974 4545 interim
2027 4459 2618 4546 fraternitatem
2684 4463 2834 4572 ipsi
2903 4483 3454 4548 contemnunt
3486 4525 3514 4566 ,
3568 4461 3816 4547 auda·

445 4567 814 4663 cissimae
875 4573 1281 4664 inferioris
1342 4578 1566 4688 cleri,
1629 4579 2056 4666 rebellioni
2126 4576 2587 4680 fomentum
2646 4579 3027 4663 tribuunt
3075 4642 3108 4685 ,·
3163 4583 3816 4699 universumque

446 4695 1121 4782 Ecclesiasticum
1202 4692 1609 4814 Ordinem
1697 4699 1921 4784 laicis
2011 4698 2569 4786 tribunalibus
2625 4759 2647 4804 ‚
2733 4698 2872 4783 vel
2957 4698 3039 4782 in
3130 4700 3300 4813 ipsa
3367 4699 3816 4813 Religionis

447 4846 745 4921 causa,
812 4812 1267 4922 indecore,
1332 4847 1429 4920 ac
1475 4847 1902 4931 perperam
1969 4817 2271 4932 subjici
2310 4846 2488 4902 non
2559 4814 3027 4903 attendunt.
3095 4816 3226 4904 De
3289 4825 3591 4908 veteris
3628 4863 3667 4924 ,·
3721 4851 3817 4905 ac

451 4960 716 5021 novae
766 4926 1012 5045 Legis
1062 4927 1536 5021 discrimine
1572 4999 1597 5044 ,
1677 4959 2073 5053 tanquam
2125 4935 2232 5020 de
2281 4967 2367 5022 re
2419 4942 2615 5051 ipsis
2680 4936 2870 5021 solis
2937 4961 3360 5051 perspecta
3394 5000 3416 5045 ‚
3483 4940 3744 5024 multa
3786 4998 3812 5044 ‚

450 5073 538 5139 et
583 5054 1075 5171 plerumque
1126 5054 1529 5158 inutiliter
1576 5053 2039 5168 disputant,
2075 5085 2508 5171 novaeque
2559 5058 3190 5170 praestantiam,
3224 5087 3475 5174 quam
3513 5085 3822 5142 omnes

449 5197 912 5284 agnoscunt
949 5236 972 5277 ,
1036 5195 1121 5259 et
1168 5169 1660 5287 profitentur
1695 5176 2202 5285 ;.inculcare
2251 5205 2420 5260 non
2474 5172 2934 5285 desinunt;
3015 5175 3312 5262 Utrius
3375 5207 3479 5262 ue
3543 5198 3821 5259 tamen

456 5290 704 5405 Legis
752 5290 1359 5408 plenitudinem
1397 5352 1422 5396 ,
1490 5321 1705 5408 quae
1753 5316 1877 5380 est
1912 5292 2259 5383 ,dilectio
2294 5354 2318 5396 ,
2386 5297 2736 5388 minime
2786 5292 3259 5390 observant.
3347 5293 3824 5380 -haritatem

454 5414 670 5497 nulli
742 5414 1191 5528 impensius
1268 5407 1664 5502 laudant:
1732 5411 1942 5542 ΦιιιςιΙΙί
2030 5409 2602 5528 impudenti-us
2652 5411 2983 5502 violant.
3082 5414 3439 5500 Divinae
3490 5412 3830 5507 Gratiae

456 5535 885 5621 veritatem
967 5529 1505 5647 praedicant„
1574 5545 1829 5659 quatu
1878 5532 2360 5620 Catholicus
2427 5535 2712 5623 nullus
2755 5557 3118 5736 Ipegat:
3206 5529 3352 5620 sed
3429 5532 3832 5630 damnatis

1450 5691 1453 5694 Α
1788 5675 1807 5710 2,
2893 5683 2940 5734 2
3301 5676 3310 5684 .
