4834 6409
1033 436 1210 525 360
4194 499 4203 505 .

1030 555 1371 655 Coenae
1400 616 1426 662 ,
1479 549 1864 655 Silentii,
1915 574 2058 637 aut
2108 547 2819 667 Congregationis.
2860 544 3064 638 'Nec
3112 546 3357 638 facile
3392 541 3617 633 idern
3665 540 3951 632 Abbas
3996 542 4425 645 licentiam

1038 675 1273 763 dabit
1323 670 1907 777 introducendi
1966 673 2443 773 Saeculares
2492 679 2579 761 in
2649 675 3003 761 claustra
3059 668 3543 759 Monasterii
3595 708 3621 773 ·,
3674 687 3758 752 et
3816 666 4085 751 multo
4149 668 4430 753 minus

1041 796 1791 885 inDormitorium
1854 792 2239 880 Fratrum
2291 858 2315 902 ,
2384 798 2539 881 nisi
2612 799 2780 882 sint
2826 799 3103 907 magni
3157 796 3368 900 viri,
3435 813 3580 876 aut
3619 786 3995 873 Praelati.
4061 785 4207 873 IV.
4248 784 4435 869 Mo·-

1043 920 1379 1011 misterii
1445 940 1716 1031 portas
1758 925 1986 1002 -ante‘
2035 939 2364 1003 noctem
2434 914 2771 1004 claudat
2843 914 3211 1003 Janitor.·
3253 907 3587 1001 Exinde
3642 916 3843 995 ver'o
3911 938 4047 994 cas
4121 904 4438 993 nullius

1050 1072 1290 1131 eausa
1345 1039 1729 1152 aperiat,
1798 1040 2269 1123 inconsulto
2320 1039 2678 1125 Abbate.
2747 1038 2862 1123 Et
2928 1063 3369 1155 antequam
3438 1032 3823 1120 cubitum
3893 1052 4086 1137 eat,
4166 1029 4439 1117 claves

1049 1159 1320 1248 eidem
1374 1156 1760 1263 tradens,
1815 1160 1875 1242 si
1933 1163 2119 1275 quis
2182 1155 2375 1245 foris
2426 1183 2806 1265 maneat,
2860 1159 2980 1244 illi
3036 1154 3592 1244 renunciabit.
3650 1150 3937 1242 Abbas
3985 1181 4184 1238 vero
4223 1213 4248 1256 ,
4301 1171 4446 1235 aut

1048 1282 1432 1395 Vicarius
1510 1276 2014 1398 quandoque
2066 1279 2172 1366 de
2227 1304 2470 1367 nocte
2534 1311 2667 1367 eas
2720 1281 3125 1367 observet.
3183 1280 3288 1363 V.
3345 1276 3663 1362 Literas
3715 1303 4033 1377 omnes,
4080 1295 4164 1360 et
4214 1268 4476 1356 sebe·-

1057 1404 1292 1491 dulas
1329 1467 1352 1510 ,
1420 1425 1500 1486 ct
1551 1431 2103 1518 quaecunque
2168 1402 2326 1487 alia
2377 1400 2852 1487 domesticis
2903 1404 3351 1487 mittuntur
3388 1460 3413 1503 ,
3468 1395 3781 1482 Abbati
3834 1391 4159 1498 reddat,
4208 1414 4307 1478 ut
4352 1414 4475 1477 ea·

1051 1523 1333 1612 videat
1366 1587 1390 1632 ,
1465 1545 1548 1608 et
1599 1520 1706 1606 ad
1772 1553 1910 1609 eos
1947 1586 1970 1627 ,
2036 1519 2139 1607 ad
2209 1554 2452 1640 quos·
2497 1521 2971 1633 diriguntur
3004 1585 3030 1628 ,
3095 1525 3159 1606 si
3217 1520 3415 1605 velit
3466 1581 3490 1624 ,
3562 1518 4081 1604 transmittat.
4134 1513 4452 1600 Caveat

1065 1649 1310 1733 etiam
1344 1708 1368 1750 ,
1405 1674 1543 1737 ,ne
1621 1643 1972 1755 alicujus
2056 1639 2484 1729 domestici
2541 1645 2886 1749 literas,
2974 1666 3119 1729 aut
3166 1639 3371 1760 quid
3423 1641 3693 1725 simile
3763 1632 4113 1723 externis
4163 1633 4308 1723 det
4365 1638 4450 1720 in

1061 1772 1294 1884 jussu
1343 1764 1721 1850 Abbatis.
1789 1763 1932 1847 VI.
2000 1762 2236 1847 Nihil>
2298 1762 2940 1881 custodiendum
3018 1797 3062 1849 a
3124 1766 3522 1878 quopiam
3588 1782 3975 1847 extraneo
4035 1759 4449 1873 recipiat,

1064 1888 1400 1973 Abbate
1453 1884 1944 1970 inconsulto.
2008 1883 2203 1967 Vll.
2259 1885 2344 1969 Si
2401 1915 2794 1999 pauperes
2845 1882 2950 1970 ad
3000 1889 3335 1999 januam
3389 1883 3961 1993 eleemosynae
4010 1908 4254 1965 causa
4327 1908 4458 1963 ac·

1069 2006 1366 2095 cedere
1419 2008 1842 2115 contingat
1892 2068 1917 2111 ,
1985 2035 2179 2090 cum
2256 2003 2549 2090 iisdem
2614 2005 2976 2117 benigne
3059 2037 3148 2092 se
3210 2004 3563 2108 habeat,
3626 2025 3711 2087 et
3777 1996 4070 2086 sedulo
4120 2012 4485 2118 quaerat*

1071 2125 1279 2247 quid
1340 2129 1832 2236 eis.erogari
1895 2129 2209 2239 possit,
2275 2130 2500 2242 juxta
2563 2126 2916 2211 Abbatis
2999 2126 3459 2211 arbitrium.
3538 2121 3776 2207 VIII.
3846 2118 4238 2206 Mulieres
4282 2183 4312 2222 ,
4390 2122 4463 2204 si

1077 2245 1423 2367 quando
1469 2243 1570 2333 ad
1624 2248 1925 2331 ostium
2004 2245 2408 2334 accedant
2442 2311 2468 2353 ,
2533 2249 2817 2360 paucis
2894 2245 3171 2332 verbis
3228 2243 3664 2329 'dimittatz
3746 2261 3891 2327 aut
3948 2242 4013 2326 si
4080 2239 4462 2355 pluribus

1059 2368 1283 2483 ¹opus
1333 2398 1504 2455 esse
1557 2363 2034 2472 videretur,
2101 2367 2715 2454 in·Ecclesiam
2757 2433 2786 2472 ‚
2847 2368 2910 2452 si
2964 2390 3182 2453 extra
3252 2365 3728 2449 Monasterii
3784 2361 4232 2447 claustrum
4282 2363 4390 2445 sit
4437 2376 4481 2467 ,‘

1080 2489 1188 2575 ad
1243 2486 1700 2575 Aedit‘uum
1758 2519 1890 2573 eas
1960 2490 2232 2574 mittat
2267 2552 2292 2596 ,
2359 2488 2508 2573 ubi
2562 2491 2755 2602 ipsis
2809 2485 3281 2603 responderi
3337 2487 3695 2599 poterit,
3750 2506 3895 2567 aut
3949 2479 4465 2588 Aedituum,

1080 2640 1224 2698 seu
1282 2608 1700 2694 Abbatem
1759 2631 2004 2695 vocet
2040 2672 2064 2714 ,
2120 2633 2212 2693 ut
2261 2638 2545 2695 earum
2603 2611 2937 2719 negotia·
2978 2606 3418 2722 expediant
3452 2668 3476 2711 ,
3530 2627 3778 2720 prout
3828 2633 3956 2688 res
4007 2603 4474 2718 postulave-

1080 2734 1211 2818 rit.
1278 2729 1430 2814 IX.
1502 2729 1585 2813 Si
1640 2731 1827 2844 quis
1891 2730 2500 2843 eleemosynam
2549 2727 2654 2814 ad
2704 2732 3041 2844 januam
3095 2718 3376 2835 dabit,
3431 2756 3613 2815 eam
3665 2724 4148 2810 Oeconomo
4197 2726 4474 2813 statim

1084 2847 1381 2938 tradet.
1461 2848 1572 2933 X.
1645 2848 1865 2937 Loca
1916 2873 2197 2965 portae
2253 2852 2530 2939 vicina
2603 2845 2916 2936 munda
2968 2871 3293 2953 servet,
3344 2872 3429 2935 et
3478 2870 3571 2932 ut
3620 2850 3842 2959 juxta
3906 2849 4247 2959 januam
4297 2875 4476 2929 om·

1084 3004 1229 3059 nes
1278 2971 1676 3056 submissa
1730 3002 1935 3057 voce
2006 2971 2459 3091 loquantur
2509 3033 2533 3077 ,
2599 2994 2856 3058 curet.
2924 2969 3082 3053 XI.
3147 2969 3272 3055 Ut
3337 2968 3659 3054 Janitor
3709 2961 3816 3051 ad
3879 2989 4203 3079 portam
4253 2964 4478 3049 solli-

1089 3095 1298 3178 citus
1369 3094 1738 3177 assistere
1786 3093 2098 3206 possit,
2171 3095 2436 3206 primo
2485 3115 2671 3206 post
2734 3091 3190 3205 persolutas
3256 3091 3700 3175 matutinas
3768 3083 4006 3171 horas
4058 3083 4479 3171 Sacrificio

1087 3215 1434 3297 intersit.
1504 3211 1726 3297 Cum
1777 3236 2056 3298 autem
2108 3215 2388 3297 cibum
2464 3215 2718 3297 sumit
2755 3274 2780 3316 ,
2847 3234 2988 3296 aut
3036 3213 3122 3297 in
3179 3210 3457 3326 aliquo
3508 3207 3964 3292 ministerio
4014 3208 4226 3292 intra
4263 3268 4288 3312 ,
4338 3205 4483 3293 vel

1093 3354 1314 3417 extra
1379 3330 1980 3417 Monasterium
2031 3356 2537 3449 occupatur,
2604 3334 2809 3418 alius
2880 3331 2986 3416 ab
3049 3330 3408 3434 Abbate,
3459 3360 3603 3417 seu
3655 3327 3989 3414 Vicario
4039 3324 4144 3414 ad
4216 3349 4482 3413 custo·

1104 3451 1327 3538 diam
1379 3472 1663 3567 portae
1714 3448 2196 3539 destinetur.

2413 3689 2625 3777 CA
2696 3620 2801 3777 ps
2900 3690 3183 3779 xvn.

2285 3935 2422 4019 De
2478 3930 2841 4020 Custode
2894 3935 3309 4025 Vestiam.

1225 4177 1292 4262 Ι.
1360 4177 1702 4265 Servare
1753 4174 2008 4264 debet
2072 4205 2402 4262 omnem
2461 4173 3058 4287 supellectilem
3091 4243 3115 4285 ,
3169 4180 3340 4264 sive
3393 4177 3728 4283 lineam,
3779 4185 3951 4267 sive
4004 4179 4352 4280 laneam,
4407 4195 4492 4260 et

1104 4294 1521 4418 quidquid
1572 4296 1679 4383 ad
1730 4298 2213 4385 indumenta
2247 4358 2269 4401 ‚
2324 4318 2407 4381 et
2472 4294 2614 4379 ubi
2681 4325 2889 4410 opus
2938 4298 3187 4386 suerit
3224 4363 3248 4405 ‚
3317 4301 3559 4385 etiam
3615 4299 3720 4385 ad
3772 4304 4324 4388 calceamenta
4378 4319 4496 4379 at·

1107 4425 1340 4505 tinet.
1398 4418 1639 4526 Quae
1689 4417 2064 4530 diligenti
2135 4447 2329 4505 cura
2364 4479 2396 4519 ,
2464 4439 2558 4500 ut
2618 4447 2745 4503 res
2799 4417 3266 4535 Pauperum
3318 4418 3670 4526 Christi,
3726 4420 4135 4509 custodiet
4175 4421 4254 4502 in
4315 4417 4497 4501 loco

1113 4538 1219 4623 ad
1281 4536 1368 4623 id
1419 4537 1850 4624 destinato.
1911 4539 2016 4623 ΙΙ.
2075 4539 2644 4626 Inventarium
2698 4568 2971 4626 rerum
3024 4607 3051 4646 ,
3115 4573 3318 4659 quas
3370 4543 3543 4654 ipse
3621 4542 3981 4630 custodit
4029 4605 4052 4647 ,
4119 4544 4184 4624 si
4248 4537 4503 4622 alicu·-

1114 4664 1248 4771 jus
1315 4663 1709 4745 momenti
1779 4663 1994 4766 sint,
2062 4663 2145 4744 in
2230 4658 2443 4744 libro
2512 4656 2837 4744 habeat.
2904 4662 3020 4746 Et
3082 4664 3420 4748 seorsim
3475 4663 3779 4749 scribat
3839 4694 4053 4779 quae
4103 4657 4207 4746 de
4282 4687 4501 4743 novo

1111 4777 1331 4865 fiunt
1381 4843 1404 4886 ,
1473 4804 1566 4864 ut
1614 4781 1931 4866 Abbati
2009 4784 2136 4865 sui
2189 4781 2555 4866 muneris
2610 4782 3004 4869 rationem
3063 4779 3406 4868 reddere
3469 4808 3739 4900 queat.
3814 4784 3964 4868 Ill.
4038 4781 4327 4869 Vestes
4378 4807 4502 4862 or·

1115 4898 1311 4987 dine
1361 4898 1788 5011 dispositas
1841 4925 2156 4988 servet:
2217 4932 2321 4987 ne
2374 4927 3066 5012 corrumpantur,
3115 4901 3451 5006 videat,
3517 4926 3602 4988 et
3647 4901 4203 4992 resarciendas
4253 4904 4503 4989 etiam

1117 5046 1375 5107 curet.
1439 5021 1676 5130 Quas
1728 5055 1924 5108 vero
1978 5054 2146 5107 non
2203 5022 2555 5134 amplius
2611 5025 2789 5107 usui
2846 5024 3229 5109 Fratrum
3280 5022 3598 5110 futuras
3648 5024 4101 5139 judicabit,
4153 5055 4286 5110 eas
4336 5018 4509 5103 Ab·

1120 5142 1291 5227 bati
1365 5144 1800 5247 ostendat,
1866 5168 1962 5228 ut
2017 5144 2152 5228 ille
2202 5141 2307 5225 de
2365 5146 2458 5225 iis
2522 5164 2847 5229 statuat.
2919 5145 3064 5228 IV.
3136 5142 3380 5251 Quae
3430 5146 3730 5253 singuli
3796 5144 4107 5230 Novitii
4173 5142 4280 5229 ad
4330 5141 4511 5225 Μο-

1127 5269 1473 5349 nasteria
1547 5265 2031 5371 attulerint,
2085 5294 2176 5349 ea
2231 5261 2536 5348 alicubi
2604 5269 3039 5376 separatim
3103 5287 3457 5352 asservet
3494 5327 3518 5369 ,
3588 5262 3856 5352 donec
3925 5261 4508 5379 professionem

1125 5387 1529 5476 emittant.
1607 5386 1711 5468 V.
1782 5385 2144 5497 Singulis
2194 5382 2618 5468 mensibus
2670 5386 2915 5471 cellas
2967 5385 3390 5490 visitabit,
3446 5407 3539 5470 ut
3588 5417 3686 5471 ex
3735 5386 4086 5473 Abbatis
4138 5383 4507 5486 arbitrie,

1127 5509 1192 5590 si
1247 5504 1452 5622 quid
1503 5508 1621 5591 eis
1667 5502 1879 5592 desit
1928 5567 1952 5612 ,
2020 5504 2381 5620 suppleri
2434 5506 2712 5618 possit.
2767 5506 2849 5591 Si
2910 5504 3118 5626 quid
3171 5509 3418 5594 etiam
3472 5507 3987 5619 superfluum
4044 5506 4509 5609 invenerit,

1124 5650 1390 5717 vestes
1454 5624 1900 5744 duplices,
1961 5629 2510 5714 instrumenta
2586 5625 2957 5736 itineris,
3014 5653 3095 5716 et
3160 5629 3514 5733 similia,
3583 5629 3668 5713 in
3739 5628 4112 5717 vestiaria
4179 5620 4512 5714 officina
