4834 6409
3629 419 3730 502 31

420 569 501 630 ta
557 546 994 632 censeatur
1030 604 1054 647 ,
1113 568 1337 658 quae
1381 568 1581 626 cnm
1633 538 1852 625 Rffio
1883 528 2267 623 Domino
2320 530 2794 620 Patriarcha
2826 597 2856 637 ,
2918 554 3061 618 aut
3116 533 3484 644 legitimo
3535 448 3799 650 supe?-

419 667 632 751 riore
681 694 1010 750 eausam
1059 659 1429 747 definiet.
1510 660 1749 744 Vm.
1812 658 2094 745 Debet
2142 659 2480 769 insuper
2546 655 2831 740 Abbas
2880 650 2986 739 de
3073 654 3391 742 Novitii
3473 676 3800 763 aetate,

417 778 751 890 indole,
811 786 1199 887 scientia,
1258 779 1739 867 valetudine
1775 844 1800 886 ‚
1888 809 2128 866 causa
2212 777 2662 862 vocationis
2748 774 2850 861 ad
2903 794 3207 860 statum
3265 777 3735 888 religiosum
3773 840 3798 882 ‚

416 926 498 990 et
537 907 838 990 ceteris
889 900 1367 1014 hujusmodi
1421 930 1910 1012 cognoscere
1939 963 1962 1005 ‚
1993 896 2256 1016 idque
2305 895 2450 982 fiat
2499 898 2581 980 in
2634 895 3295 1008 Congregatione
3347 897 3804 984 Monaoho·

415 1052 626 1108 rum.
700 1023 847 1108 lx.
919 1024 1362 1142 Postquam
1409 1052 1607 1132 ergo
1661 1021 1944 1105 Abbas
1999 1049 2197 1106 cum
2265 1014 2875 1103 Monachorum
2938 1015 3597 1128 Congregatione
3663 1016 3806 1103 ad·

418 1145 890 1243 missionem
942 1141 1258 1229 Novitii
1310 1142 1692 1255 probavit
1723 1202 1748 1246 ,
1817 1162 1999 1229 tum
2051 1169 2249 1228 vero
2300 1137 2583 1222 locum
2634 1170 2674 1222 a
2720 1137 3160 1223 Fratribus
3210 1160 3673 1252 separatum
3710 1139 3806 1221 il·

275 1348 282 1353 .
418 1263 477 1347 li
529 1265 970 1374 assignabit
1005 1327 1029 1370 ‚
1100 1264 1384 1382 ibique
1438 1259 1541 1344 ad
1592 1285 1782 1347 octo
1828 1262 2113 1346 saltem
2169 1255 2348 1344 dies
2402 1259 2601 1342 citra
2653 1256 2987 1343 habitus
3034 1260 3585 1342 mutationem
3635 1289 3808 1344 ma·-

419 1406 607 1468 neat
639 1446 662 1489 ‚
717 1408 968 1500 atque
1018 1389 1327 1469 interea
1413 1381 1770 1491 Regula-2.
1821 1377 2166 1466 Ordinis
2193 1384 2222 1483 ,”
2288 1378 2604 1463 Statuta
2639 1441 2663 1482 ‚
2724 1372 2826 1463 ‘et
2905 1376 3572 1464 Consuetudines
3625 1410 3805 1464 exa-

414 1505 698 1588 minet.
768 1504 885 1587 Et
933 1508 1297 1617 primum
1350 1502 1736 1586 Novitins
1799 1501 2265 1611 generalem
2313 1521 2847 1612 peccatorum
2913 1496 3512 1584 confessionem
3578 1496 3802 1612 apud

415 1620 947 1709 Sacerdotem
999 1622 1105 1709 ad
1193 1617 1715 1736 excipiendas
1762 1620 2311 1707 saecularium
2363 1615 2951 1705 confessiones
3038 1617 3143 1705 ab
3193 1618 3621 1732 Episcopo·
3663 1608 3800 1733 ap-

411 1742 852 1855 probatum
917 1744 1219 1844 obeat,
1258 1766 1508 1859 atque
1556 1772 1867 1826 sacram
1923 1739 2629 1837 Communionem
2681 1741 3094 1852 percipiat.
3148 1737 3445 1825 Postea
3499 1770 3804 1824 convo-

413 1865 612 1947 catis
664 1861 1147 1970 Monachis,
1215 1866 1386 1949 sive
1435 1861 1853 1946 Matutino
1886 1923 1911 1965 ,
1966 1863 2138 1948 sive
2185 1858 2684 1972 vespertino
2734 1882 3099 1975 tempore
3132 1922 3157 1964 ,
3217 1859 3499 1943 Abbas
3548 1857 3808 1944 Novi-

412 1983 625 2067 tium
675 1980 970 2069 induat
1018 1985 1450 2095 Tyro-num
1529 1980 1818 2065 habitu
1868 1986 2091 2097 juxta
2182 1978 2468 2064 Ritum
2521 1981 2978 2090 Syriacum.
3058 1979 3171 2061 X.
3254 1977 3357 2062 In
3486 1977 3803 2065 uolibet

411 2098 915 2189 Monasterio
963 2102 1370 2189 habeatur
1420 2101 1628 2186 liber
1661 2162 1689 2206 ,
1770 2105 1856 2186 in
1945 2131 2113 2218 quo
2163 2098 2452 2184 Abbas
2515 2095 2929 2185 describat
3009 2098 3335 2185 Nomen
3416 2010 3729 2182 {invidi
3769 2164 3796 2201 ,

417 2252 879 2334 cognomen
918 2286 942 2326 ‚
1003 2225 1349 2337 patriam
1387 2284 1413 2325 ,
1471 2218 1699 2306 diem
1733 2284 1757 2327 ,
1809 2252 2179 2309 mensem
2212 2282 2236 2324 ,
2302 2241 2386 2305 et
2438 2248 2750 2303 annum
2787 2280 2810 2323 ‚
2860 2249 3034 2337 quo
3086 2217 3478 2305 habitum
3527 2215 3790 2303 Novi-

414 2345 508 2425 tii
562 2347 943 2459 suscepit.
1001 2343 1393 2427 Similiter
1445 2343 1528 2425 in
1581 2339 1871 2427 codice
1939 2338 2390 2424 adnotetur
2458 2336 2636 2423 dies
2672 2403 2696 2446 ,
2756 2341 2850 2423 in
2902 2370 3072 2455 quo
3146 2335 3559 2451 professus
3610 2358 3787 2443 est,

412 2466 959 2550 monasticum
1002 2462 1388 2549 habitum
1452 2457 2002 2575 suscipienda
2069 2459 2185 2543 Et
2229 2456 2704 2572 praedictus
2747 2458 2965 2544 iiber
3014 2462 3099 2543 in
3157 2456 3555 2543 Archivio
3588 2456 3790 2541 Mo-

414 2586 738 2668 nasterii
789 2608 1257 2696 reponatur.
1324 2581 1484 2664 XI.
1550 2577 1977 2692 Tyrocinii
2029 2609 2300 2664 annus
2377 2576 2966 2693 supputandus
3026 2579 3184 2664 erit
3244 2612 3290 2663 a
3376 2574 3567 2682 die,
3631 2605 3801 2694 quo

411 2701 788 2788 habitum
840 2704 1153 2790 Novitii
1221 2698 1612 2787 induerit.
1681 2700 1800 2784 Et
1846 2703 2071 2815 prior
2124 2722 2492 2812 tempore
2534 2700 2801 2810 potior
2849 2700 2953 2781 sit
3004 2703 3090 2783 in
3140 2695 3607 2811 gradu.th
3662 2699 3810 2780 Sa-

415 2819 706 2907 cerdos
754 2854 944 2907 eum
974 2886 1003 2925 ,
1054 2826 1202 2940 qui
1255 2815 1661 2905 Sacerdos
1715 2850 1877 2904 non
1931 2843 2051 2906 est
2085 2822 2117 2923 3
2195 2815 2618 2934 praecedit
2653 2881 2679 2926 ‚
2738 2839 2829 2905 et
2872 2817 3311 2905 Diaconos
3370 2847 3534 2927 nou
3580 2815 3791 2902 Dia·

415 2971 744 3026 conum.
812 2941 1010 3024 XII.
1067 2941 1257 3028 Non
1311 2942 1553 3025 liceat
1605 2940 1966 3046 Abbati,
2037 2966 2311 3056 neque
2375 2941 2555 3024 aliis
2632 2941 2950 3049 exigere
2992 3003 3017 3044 ‚
3113 2960 3256 3023 aut
3319 2939 3691 3067 accipere
3732 2971 3800 3020 -·a

410 3059 767 3144 Noviti-is
816 3059 1272 3180 quidquam
1345 3072 1518 3174 pro
1560 3064 1925 3173 ipsorum
2003 3061 2473 3172 receptione
2536 3055 2644 3144 ad
2718 3057 3359 3172 probationem3
3426 3054 3573 3142 sed
3640 3086 3794 3140 nec

407 3183 772 3293 pretium
851 3185 1095 3268 vestis
1157 3180 1260 3266 ad
1337 3179 1915 3294 probationem
2019 3182 2539 3265 necessariae.
2608 3178 2691 3263 Si
2766 3208 2965 3264 vero
3038 3178 3420 3264 Novitius
3511 3198 3805 3289 sponte

413 3301 841 3419 quidpiam
895 3302 1399 3387 Monasterio
1439 3300 1898 3405 obtulerit,
1953 3298 2039 3384 id
2097 3323 2335 3410 porro
2383 3299 2712 3412 palam,
2776 3318 2864 3384 et
2908 3300 2997 3382 in
3050 3298 3393 3410 publico
3446 3327 3805 3382 conven-
3902 3398 3913 3414 ἱ

415 3449 505 3510 tu
557 3422 700 3511 fiat
748 3482 774 3526 ,
835 3419 1246 3539 cedatque
1316 3424 1404 3505 in
1461 3451 1992 3506 communem
2041 3417 2522 3504 Monasterii
2588 3449 2853 3503 usum.
2934 3417 3182 3501 XIlI.
3270 3416 3800 3503 Novitiorum

414 3569 730 3650 vestes,
795 3573 1093 3658 resque
1157 3573 1443 3627 omnes
1495 3566 1720 3626 certo
1784 3544 1864 3625 in
1917 3541 2107 3626 ‘ioco
2162 3561 2716 3654 reponantur,
2776 3562 3216 3654 postquam
3266 3539 3353 3620 in
3422 3533 3801 3622 codicem

411 3668 733 3775 singula
785 3662 1033 3748 relata
1098 3661 1459 3767 fuerint,
1533 3668 1708 3774 ipso
1757 3659 2095 3746 Novitio
2156 3680 2583 3770 praesente
2637 3689 2802 3742 una
2867 3687 3060 3742 cum
3114 3655 3590 3740 Fratribus:
3650 3687 3803 3742 nec

409 3787 564 3871 uili
609 3787 856 3875 liceat
907 3785 1375 3868 inconsulto
1449 3781 1794 3869 domino
1843 3779 2273 3899 quidpiam
2315 3810 2420 3865 ex
2474 3779 2635 3862 illis
2678 3778 2839 3862 sibi
2895 3807 3288 3892 usurpare
3328 3839 3352 3882 ,
3421 3798 3565 3862 aut
3620 3784 3805 3866 Mo-

409 3908 770 3990 nasterio
813 3904 1278 4014 applicare:
1345 3901 1495 3989 sed
1580 3932 1735 3989 nec
1788 3905 1956 4016 ipse
2008 3900 2385 3987 Novitius
2450 3895 2558 3983 de
2626 3897 2874 3982 rebus
2944 3901 3121 3982 suis
3182 3895 3618 4008 disponere
3668 3926 3808 3997 va·

417 4023 582 4109 leat
615 4086 639 4129 ‚
703 4021 1192 4136 probatione
1241 4022 1652 4126 durante,
1703 4045 1850 4108 aut
1919 4024 2149 4109 alteri
2203 4050 2489 4106 earum
2541 4047 2788 4103 nsum
2850 4017 3148 4104 cedere
3185 4081 3208 4124 ‚
3274 4017 3588 4133 absque
3629 4015 3804 4098 Ab·

411 4144 623 4229 batis
663 4171 1090 4227 consensu.
1151 4142 1249 4227 Si
1300 4140 1688 4228 Novitius
1721 4138 1831 4226 ad
1880 4142 2304 4228 saeculnm
2349 4135 2743 4239 redierit,
2808 4168 2936 4221 res
2998 4169 3184 4222 suas
3248 4133 3572 4222 auferre
3630 4165 3797 4219 non

399 4261 951 4377 Iprohibetur:
1020 4261 1198 4377 illas
1243 4284 1526 4345 *tamen
1577 4284 1949 4375 repetere
2015 4293 2183 4345 non
2247 4261 2607 4371 poterit,
2674 4288 2877 4374 quas
2929 4283 3220 4371 sponte
3257 4319 3280 4360 ,
3348 4279 3433 4341 et
3483 4286 3800 4369 expres-

412 4414 499 4470 se
550 4380 1052 4467 monasterio
1101 4377 1583 4485 donaverit,
1643 4402 1794 4466 aut
1849 4383 1916 4463 si
1968 4372 2359 4493 professio
2403 4399 2758 4497 sequuta
2809 4375 3082 4464 fuerit.
3121 4376 3356 4460 xlv.
3413 4374 3803 4460 No'vitius

414 4525 605 4591 ante
681 4499 1267 4618 professionem
1323 4500 1629 4618 quovis
1712 4501 1955 4586 etiam
2033 4501 2517 4593 brevissimo
2606 4501 2995 4612 temporis
3058 4499 3318 4611 spatio
3380 4517 3644 4611 potest
3692 4492 3804 4580 de

411 4623 660 4711 rebus
715 4645 807 4710 et
868 4622 1109 4707 bonis
1169 4623 1336 4708 suis
1414 4654 1562 4736 pro
1626 4623 1970 4706 arbitrio
2056 4618 2548 4734 disponere:
2624 4640 2807 4732 post
2874 4614 3173 4703 iactam
3230 4647 3440 4703 vero
3486 4612 3796 4728 profes·

416 4747 733 4829 sionem
777 4743 1112 4829 nuilnm
1164 4744 1283 4828 ilii
1336 4748 1707 4829 remanet
1773 4744 1861 4824 in
1955 4773 2045 4827 ea
2111 4738 2586 4826 dominium
2630 4801 2653 4844 ‚
2724 4768 2877 4822 nec
2930 4740 3124 4823 item
3208 4738 3585 4843 Abbati,
3651 4732 3798 4820 sed

412 4860 624 4947 iliud
679 4861 795 4950 ‚nd
872 4860 1282 4949 Ordinem
1332 4867 1614 4949 >statim
1673 4866 2025 4948 transire
2075 4883 2482 4947 censetur.
2552 4860 2741 4945 XV.
2808 4856 3223 4944 Cui-rente
3289 4856 3804 4975 probationis

415 5005 785 5095 tempore
815 5045 839 5087 ,
909 5005 1031 5068 ter
1067 4980 1187 5067 -de
1232 4983 1572 5068 Novitio
1615 4983 2006 5067 ‘Fratrum
2055 4978 2444 5091 suffragia
2504 5000 2904 5094 rogentur
2944 5013 2975 5061 ·:
3012 5004 3129 5069 ,et
3210 4982 3570 5093 primum
3620 4977 3805 5092 qui·
3866 5010 3903 5019 “

409 5101 613 5188 dem
661 5103 1000 5218 expietis
1053 5100 1480 5215 Tyrocinii
1541 5132 1684 5215 sex
1756 5103 2182 5188 mensibus
2234 5135 2252 5183 ε
2324 5104 2625 5189 iterum
2687 5130 2887 5190 vero
2951 5122 3135 5214 post
3198 5128 3515 5183 nonum
3570 5126 3801 5180 men·

416 5252 646 5309 sem:
705 5245 1125 5336 postremo
1190 5244 1372 5335 post
1439 5218 2058 5329 duodecimum,
2118 5221 2286 5307 hoc
2342 5246 2465 5310 est
2510 5223 2787 5337 elapso
2846 5220 3355 5335 probationis
3404 5245 3651 5302 anno.
3719 5216 3807 5300 si

417 5348 500 5428 iu
548 5368 963 5456 postrema
1005 5341 1676 5454 congregatione
1719 5338 1978 5427 suerit
2019 5340 2566 5456 approbatus,
2598 5340 2987 5429 'habitum
3025 5340 3411 5451 suscipiat
3439 5401 3463 5444 ‚
3506 5367 3808 5457 quam-

405 5466 537 5547 vis
599 5468 683 5550 in
786 5464 1132 5578 geminis
1205 5464 1621 5578 prioribus
1699 5462 2509 5573 congregationibus
2585 5462 3071 5576 reprobatus
3168 5459 3517 5548 fuissem
3572 5480 3705 5544 ›et-
3750 5486 3803 5539 e

391 5588 881 5703 contrario,
937 5590 1014 5675 ¹si
1067 5586 1152 5673 in
1207 5586 1442 5673 tertia
1496 5583 1980 5705 reprobatus
2032 5580 2280 5671 fuerit
2312 5647 2342 5689 ,
2385 5582 2908 5692 dimittatur,
2981 5613 3132 5671 nec
3184 5581 3548 5697 priorum
3592 5575 3805 5662 dua-
