4834 6409
1077 462 1249 557 282

1066 607 1411 687 aurum
1492 594 2029 684 Christianos
2080 594 2302 685 mihi
2353 598 2839 689 commissos
2917 619 3101 691 tam
3174 611 3270 694 in
3348 609 3886 695 concionibus
3914 671 3946 713 ‚
4007 638 4277 726 quam
4353 612 4447 696 in

1058 714 1421 823 privatis
1491 720 2179 837 instructionibus
2194 786 2220 829 ,
2244 752 2381 808 ac
2416 728 2926 837 praem-tim
2997 728 3630 817 cathecumenos
3658 794 3686 835 ,
3769 747 4232 847 antequam
4295 730 4446 814 ba-

1054 840 1489 961 ptclzentur
1519 902 1547 947 ,
1594 859 1677 924 et
1724 846 1897 926 nisi
1934 848 2444 954 promittam
2485 845 3104 931 obsmantiam
3147 848 3366 936 dicti
3394 854 3692 937 Brevis
3713 913 3748 957 ,
3796 855 4151 968 ejusque
4174 848 4450 963 dispo·
4563 866 4570 871 ’

1058 971 1465 1053 titionum
1493 1023 1520 1067 ‚
1590 980 1679 1046 et
1737 963 2405 1077 prohibitionum
2431 1028 2457 1071 ,
2511 996 2646 1048 me
2693 970 2912 1083 ipsos
2961 996 3130 1053 non
3174 972 3803 1086 baptizaturum
3849 1036 3886 1075 ,
3933 989 4192 1084 prout
4236 1002 4443 1090 quo·

1056 1096 1225 1203 que
1266 1106 1771 1171 curaturum
1817 1090 2053 1169 omni
2097 1084 2375 1169 studio
2401 1150 2432 1189 ,
2502 1116 2670 1202 quo
2708 1107 2999 1201 potero
3039 1154 3066 1191 ,
3129 1122 3235 1175 ac
3307 1097 3544 1176 omni
3586 1089 4033 1211 diligentia
4067 1155 4094 1197 ‚
4162 1109 4255 1175 ut
4311 1121 4448 1177 su·

1059 1208 1311 1294 blatis
1354 1213 1740 1328 gentium
1806 1213 2357 1291 caeremoniis
2392 1271 2418 1314 ,
2485 1207 2626 1289 illi
2695 1240 2754 1292 a
2836 1211 3324 1297 christianis
3393 1217 3971 1325 suscipiantur
3993 1275 4020 1318 ,
4081 1230 4166 1295 et
4241 1218 4445 1297 reti·
4497 1246 4516 1267 κ

1050 1351 1413 1415 neantur
1456 1336 1702 1435 ritus,
1742 1360 1947 1445 quos
1983 1328 2428 1412 Catholica
2465 1324 2850 1413 Ecclesia
2892 1336 3040 1444 pie
3079 1338 3651 1446 praescripsit.
3701 1337 3806 1420 Si
3847 1351 4135 1416 autem
4171 1332 4449 1449 (quod

1046 1453 1285 1537 Deus
1346 1451 1743 1565 avertat)
1804 1455 1841 1532 i
1840 1478 1899 1531 n
1944 1467 2111 1532 toto
2146 1510 2172 1553 ,
2239 1448 2373 1532 vel
2451 1453 2546 1529 in
2582 1469 2831 1561 parte
2915 1461 3578 1539 contravenerim
3609 1519 3634 1559 ‚
3715 1459 3956 1536 toties
4015 1458 4308 1571 poenis
4383 1484 4441 1537 a

1046 1573 1315 1660 SSti'zo
1361 1575 1736 1659 Domino
1784 1567 2107 1655 ZVostro
2154 1570 2570 1683 impositis
2633 1577 2726 1653 in
2772 1572 3134 1662 Decreto
3164 1636 3188 1678 ‚
3273 1606 3422 1657 seu
3487 1577 3800 1661 Literis
3851 1571 4367 1686 Apostolicis
4408 1640 4434 1676 ,

1050 1712 1146 1777 ut
1193 1725 1457 1807 supra
1488 1755 1513 1798 ‚
1566 1724 1821 1808 super
1857 1695 2428 1806 praestatione
2474 1690 2725 1806 hujus
2761 1697 3253 1808 juramenti
3283 1757 3307 1799 ,
3363 1697 3582 1781 mihi
3615 1699 3946 1811 pariter
4001 1724 4167 1807 per
4229 1698 4440 1778 inte-

1038 1843 1293 1932 gram
1364 1813 1785 1901 lecturam
1858 1817 2076 1899 notis
2112 1875 2142 1914 ‚
2204 1842 2338 1892 me
2404 1813 2873 1926 subjectum
2921 1844 3279 1929 agnosco
3315 1877 3342 1919 ‚
3417 1834 3501 1898 et
3547 1815 3908 1900 declaro.
3992 1816 4436 1918 Italtactis

1040 1934 1189 2020 SS.
1242 1934 1732 2051 Evangeliis
1771 1935 2179 2046 promitto
2211 1993 2236 2038 ,
2288 1963 2532 2017 voveo
2567 1995 2595 2037 ‚
2645 1951 2725 2015 et
2750 1938 2986 2049 juro,
3038 1934 3185 2019 Sic
3235 1964 3370 2018 me
3417 1938 3654 2022 Deus
3701 1931 4043 2051 adjuvet
4091 1951 4175 2019 et
4222 1934 4433 2021 haec

1039 2055 1193 2147 SS.
1240 2057 1422 2141 Dei
1465 2053 1964 2174 Evangelia.

1052 2220 1099 2237 ··
1420 2170 1439 2189 ⁸
2397 2280 2403 2285 ἡ
3097 2173 3283 2292 Ego
3329 2172 3474 2264 N.·
3510 2206 3772 2261 manu
3808 2178 4184 2288 propria.

1056 2336 1101 2351 -·
1158 2295 1557 2383 formula
1618 2327 1817 2383 vero
1878 2295 2393 2409 juramenti,
2456 2317 2551 2380 ut
2599 2324 2840 2410 supra
2879 2359 2906 2399 ‚
2993 2294 3461 2412 praestandi
3530 2298 3636 2382 ab
3717 2295 4156 2409 Episcopis
4207 2360 4233 2403 ,
4305 2321 4429 2384 est

1036 2450 1251 2539 quae
1311 2420 1687 2535 sequitur
1721 2480 1752 2520 ,
1802 2414 2191 2502 videlicet
2226 2449 2279 2499 :
2330 2415 2514 2535 Ego
2563 2414 2683 2502 N.
2737 2415 3202 2530 Episcopus
3257 2419 3653 2503 Civitatis
3733 2413 3854 2502 N.
3920 2447 4243 2500 memor
4265 2421 4419 2535 ju-

1031 2546 1402 2649 ramenti
1447 2569 1505 2622 a
1552 2569 1687 2622 me
1754 2541 2153 2649 praestiti
2223 2541 2315 2619 in
2386 2558 2589 2620 actu
2657 2528 2893 2619 meae
2952 2538 3346 2623 solemnis
3377 2566 3396 2577 ’
3415 2540 4103 2623 *Consecration'is
4137 2602 4167 2640 ,
4254 2569 4425 2654 quo

1030 2660 1409 2745 Romano
1462 2658 1870 2774 Pontifici
1887 2655 2167 2772 fidem
2205 2718 2228 2761 ‚
2278 2660 2875 2771 subjectionem
2909 2721 2936 2761 ‚
3017 2677 3100 2741 et
3146 2655 3709 2741 obedientiam
3750 2661 4115 2770 promisi
4143 2720 4172 2762 ,
4233 2680 4420 2744 tum

1030 2785 1375 2896 insuper
1420 2782 1713 2864 eorum
1732 2843 1757 2881 ,
1804 2808 2025 2896 quae
2064 2776 2424 2893 provide
2464 2783 2763 2865 sanxit
2809 2778 3201 2862 Clemens
3238 2777 3448 2864 XII.
3497 2776 3920 2891 Pontffex
3971 2783 4414 2862 maximus

1025 2906 1261 2989 cirea
1306 2906 1524 2986 ritus
1574 2896 2165 2984 Malaba'ricos
2216 2902 2335 2981 in·-
2358 2900 2669 2981 Literis
2729 2896 3242 3011 Apostolicis
3294 2903 3386 2982 in
3403 2899 3714 3017 forma
3760 2898 4053 2982 Brevis
4082 2963 4114 3000 ,
4161 2896 4414 3011 Epis·

1024 3028 1254 3136 copis
1283 3086 1309 3128 ‚
1389 3041 1470 3105 et
1523 3022 2415 3134 Illissionariisusque
2463 3020 2614 3103 sub
2663 3016 2802 3101 die
2855 3023 2994 3126 24.
3043 3011 3426 3137 Augusti
3493 3022 3743 3133 1734.
3825 3023 4342 3103 transmissis
4374 3083 4401 3127 ‚

1014 3140 1397 3259 parendo
1455 3139 1882 3225 mandatis
1927 3140 2428 3225 Sanctitatis
2473 3141 2698 3223 Suae
2739 3170 2895 3253 per
2941 3138 3160 3223 alias
3236 3141 3556 3224 similes
3634 3142 3967 3225 Literas
4043 3136 4184 3222 die
4264 3170 4293 3223 ι
4312 3141 4390 3223 3.

1021 3266 1271 3349 Maii
1312 3293 1539 3349 anno
1590 3292 1622 3347 1
1645 3262 1839 3377 739.
1895 3264 2297 3376 injunctis
2333 3323 2357 3364 ‚
2446 3278 2538 3342 ut
2614 3264 2704 3341 in
2767 3277 3386 3378 argumentum'
3411 3292 3648 3345 meae
3708 3288 3913 3376 erga
3962 3259 4426 3371 Apostoli--

1021 3415 1213 3468 cam
1262 3380 1566 3468 Sodem
1611 3381 2129 3465 obedientiae
2210 3410 2374 3464 non
2426 3386 2708 3463 minus
2743 3443 2768 3487 ,
2852 3411 3115 3497 quam
3136 3380 3464 3495 filialis
3510 3383 3893 3496 obsequii
3937 3410 4071 3461 me
4128 3384 4405 3495 juris-

996 3502 1369 3622 jurandi
1412 3502 1816 3633 religione
1863 3502 2383 3619 obstringam
2408 3566 2439 3605 ,
2487 3506 2697 3618 juro
2749 3563 2774 3608 ,
2824 3521 2906 3584 et
2943 3506 3347 3614 promitto
3379 3564 3404 3608 ,
3457 3533 3591 3586 me
3628 3501 3881 3616 plene
3911 3562 3943 3603 ,
3999 3517 4082 3581 et
4104 3498 4413 3615 fideli·

1018 3644 1148 3708 ter
1191 3622 1524 3711 easdem
1571 3624 1906 3711 Literas
1957 3620 2493 3736 Apostolicas
2541 3623 2696 3705 sub
2742 3619 2974 3705 dicta
3022 3619 3162 3704 die
3252 3627 3387 3729 24.
3440 3624 3823 3741 Augusti
3880 3620 4131 3734 1734.
4200 3650 4414 3705 exe·

1015 3744 1410 3830 euturwn
1448 3807 1473 3852 ,
1522 3763 1778 3861 atque
1822 3775 1928 3827 ea
1967 3805 1990 3848 ,
2040 3772 2265 3858 quae
2310 3746 2407 3824 in
2454 3738 2628 3825 illis
2683 3746 3212 3855 praescripta
3281 3760 3476 3828 sunt
3509 3807 3536 3849 ‚
3607 3758 3915 3827 exacte
3944 3802 3968 3845 ,
4020 3745 4348 3859 integre
4376 3802 4403 3839 ‚

988 3865 1473 3972 .absolute-,‚
1502 3896 1620 3949 ac
1670 3862 2272 3949 inviolabiliter
2318 3864 2946 3948 observaturum
2996 3924 3022 3967 ‚
3100 3880 3601 3946 curaturum
3670 3866 4001 3973 pariter
4024 3925 4050 3968 ,
4132 3891 4406 3977 quan-⁶

1012 4004 1197 4071 tum
1252 3993 1351 4071 in
1395 4018 1555 4070 me.
1574 3984 1741 4069 erit
1757 4031 1800 4092 -‚
1888 4002 1979 4067 ut
2030 3987 2103 4066 ii
2156 4006 2444 4067 omnes
2475 4047 2506 4086 ,
2585 3987 2744 4099 qui
2787 4012 2976 4065 mea
3025 3986 3119 4064 in
3186 3985 3585 4069 Dioecesi
3627 3982 3758 4068 M
3747 3985 4184 4066 issionarii
4211 4044 4243 4085 ,
4319 3998 4409 4064 et

1009 4107 1495 4197 Sacerdotes
1544 4125 1735 4191 sunt
1769 4168 1794 4212 ,
1844 4096 2294 4217 velficturi
2340 4121 2584 4221 erunt
2620 4166 2645 4211 ,
2700 4102 2896 4186 illas
2936 4099 3222 4186 eodem
3263 4134 3608 4218 prorsus
3671 4101 3917 4186 modo
3992 4106 4096 4185 in·
4131 4106 4414 4186 omni·-

1009 4232 1163 4313 bus
1206 4247 1529 4315 seruent
1575 4290 1600 4333 ‚
1684 4245 1943 4344 atque
1999 4214 2538 4340 eoeequantur
2564 4284 2588 4330 ,
2661 4242 2746 4306 et
2790 4240 3082 4307 contra
3166 4223 3722 4308 inobedientes
3761 4287 3784 4330 ,
3848 4227 3929 4307 si
4002 4228 4159 4339 qui
4187 4220 4398 4337 fite-

1005 4356 1182 4434 rint
1211 4413 1238 4455 ‚
1288 4382 1423 4434 me
1462 4376 2047 4463 processurum
2097 4342 2216 4428 ad
2226 4344 2619 4459 formam
2654 4346 2948 4429 Brevis
2996 4346 3149 4427 sub
3198 4343 3340 4428 die
3399 4346 3527 4429 13.
3584 4346 3830 4429 Maii
3873 4374 4096 4428 anno
4134 4345 4404 4458 1739.

1008 4490 1105 4561 ut
1150 4468 1517 4554 tandem'
1556 4464 1913 4552 sublatis
1966 4466 2369 4549 Gentium
2412 4469 2987 4548 -eoeremoniis
3063 4462 3203 4547 illi
3274 4496 3329 4548 a
3389 4465 3908 4550 ‘Christianis
3967 4469 4388 4577 recipian-

1007 4594 1150 4674 tur
1193 4594 1407 4673 ritus
1428 4602 1481 4693 ζ.
1516 4588 1736 4704 quos
1804 4582 2246 4669 Catholica
2298 4578 2706 4673 Ecclesia·
2727 4574 2880 4695 ‘pie
2909 4591 3461 4698 praescripsit
3489 4651 3518 4688 ‚
3564 4618 3668 4669 ac
3693 4589 4032 4702 jugiter
4075 4603 4376 4669 servat.v

1011 4712 1294 4828 thue
1336 4707 1648 4815 dehac
1699 4738 1888 4790 mea
1934 4705 2355 4812 uoluntate
2385 4769 2407 4809 ,
2439 4710 2936 4821 juramento
2971 4770 2993 4810 ,
3034 4705 3480 4823 filialique
3528 4708 3918 4823 obsequio
3968 4736 4172 4822 erga
4223 4705 4385 4788 Ro·

1000 4862 1352 4937 manum
1406 4829 1905 4945 Pontificem
1953 4890 1976 4933 ‚
2028 4824 2371 4944 ejusque
2433 4816 2852 4929 mandata⁴
2874 4856 3243 4942 perenne
3300 4832 3621 4912 existat
3685 4844 4318 4911 monumentum
4353 4888 4381 4933 ,

962 4957 1348 5070 ,propria
1398 4980 1662 5035 manu
1709 4975 1847 5035 me
1906 4948 2364 5034 subscribo.
2517 4994 2526 5005 -
3547 4982 3558 4989 ·
4111 4999 4129 5025 .

1184 5146 1207 5181 ,x
1332 5076 1341 5085 '
1642 5100 1649 5107 ·
2144 5092 2151 5107 ’
2300 5090 2313 5099 ’
2431 5060 2438 5067 ’
3102 5066 3288 5186 Ego
3334 5065 3451 5154 N.
3505 5066 3970 5182 Episcopus
4018 5065 4137 5154 Ν

1028 5238 1043 5247 -
1082 5192 1519 5281 xGeterunt
1566 5193 1713 5279 etsi
1774 5186 2097 5302 magna*
2131 5182 2371 5279 'nobis
2410 5246 2415 5249 -
2458 5219 2639 5306 spes
2689 5191 2792 5275 sit
2827 5253 2858 5293 ,
2943 5188 3525 5299 fraternitates
3579 5190 3907 5274 Vestras
3944 5250 3971 5294 ‚
4023 5209 4133 5303 iet
4182 5188 4397 5273 Misa-

995 5314 1419 5404 sionarios'
1463 5334 2124 5398 omnes-nostras
2174 5340 2479 5419 voces„
2533 5334 2616 5396 et
2668 5315 2978 5421 monita
3031 5313 3402 5425 excipere
3466 5306 3967 5419 diligenter,
4023 5339 4117 5393 ac
4169 5307 4375 5395 filia·-

993 5440 1079 5527 li·
1119 5428 1521 5553 obsequio
1572 5464 1663 5519 ex
1842 5436 1929 5539 i,
1985 5462 2265 5516 curam
2331 5420 2681 5543 insuper
2717 5429 3539 5549 sollicitudinemque
3623 5428 4063 5544 plurimam
4146 5459 4371 5538 gere·

990 5558 1321 5666 reguum
1361 5552 1535 5641 tam
1578 5553 1731 5653 Ort
1801 5548 2115 5638 odoxae
2148 5544 2610 5661 ‘Religionis
2671 5553 3001 5664 puritati
3045 5612 3068 5655 ,
3137 5551 3756 5669 integritatique
3790 5611 3814 5655 ,
3869 5546 4120 5664 quam
4168 5579 4368 5660 gen-

997 5677 1512 5769 tium‘¹*-s'aluti
1565 5660 2322 5791 adjumento-sitis,
2363 5700 2815 5794 omnesque
2849 5673 2951 5761 'in
3009 5668 3224 5761 hanc
3273 5674 3608 5763 unicam
3657 5700 3889 5775 rem,
3926 5670 4365 5761 maximam
