4834 6409
971 551 1563 663 'mutandum·,
1617 551 1884 645 eidem
1939 585 2406 670 exponant:
2440 568 2715 685 'atque
2764 563 2921 654 hae
2971 565 3255 654 literae
3300 567 3717 655 a-seniore
3770 568 3995 652 ‘iuter
4046 594 4182 651 eos
4249 564 4397 650 ob·

1012 683 1378 792 signatae
1438 681 1890 764 mittantur.
1965 679 2115 764 IX.
2174 683 2266 767 In
2338 686 2855 774 Monasteriis
2922 686 3623 809 frequentioribus
3686 688 3985 805 poterit
4034 718 4254 771 unus
4301 717 4402 772 ex

1016 799 1656 915 consultoribus
1741 799 2145 912 designari
2214 805 2320 916 ab
2372 810 2548 922 ipso
2624 809 2950 895 Abbate
2987 873 3012 916 ,
3077 813 3222 926 qui
3276 810 3845 899 Admonitoris
3904 837 4220 912 nomen,
4261 806 4400 895 ha-

1011 922 1294 1008 bebit:
1366 919 1765 1009 Officium
1833 925 1989 1008 erit
2068 923 2514 1016 admonere
2580 931 2994 1017 Abbatem
3050 929 3155 1016 de
3236 933 3381 1038 iis,
3454 962 3665 1050 quae
3730 912 4270 1015 Consultores
4319 935 4397 1017 ei

1013 1039 1363 1129 dicenda
1431 1042 2007 1158 judicaverint.
2072 1045 2204 1133 De
2280 1050 2459 1133 aliis
2535 1080 2791 1159 vero,
2859 1082 3073 1169 quae
3123 1053 3295 1138 sive
3347 1057 3494 1166 ipsi
3550 1057 3630 1138 in
3701 1068 4085 1138 mentem
4147 1082 4389 1138 vene-

1013 1166 1181 1248 rint
1213 1229 1242 1266 ,
1303 1167 1477 1250 sive
1528 1166 1634 1250 ab
1683 1165 1863 1248 aliis
1911 1165 2343 1254 Monac-his
2394 1196 2937 1283 suggerentur
2987 1236 3012 1279 ,
3082 1203 3244 1258 non
3302 1170 3542 1260 facile
3614 1204 3805 1259 eum
3858 1171 4395 1259 admonebit:

1012 1283 1158 1377 sed
1209 1282 1315 1370 de
1358 1288 1455 1370 iis
1505 1283 1929 1371 dumtaxat
1964 1349 1987 1391 ‚
2043 1318 2256 1405 quae
2314 1322 2473 1375 non
2533 1294 2733 1379 levis
2786 1297 3183 1380 momenti
3234 1318 3420 1407 post
3478 1295 3931 1381 orationem
3987 1323 4158 1380 esse
4210 1325 4400 1380 cen-

961 1421 966 1427 ’
1011 1408 1319 1510 suerit,
1372 1409 1546 1493 sive
1600 1406 1701 1494 ad
1757 1404 2154 1493 Officium
2210 1410 2560 1499 Abbatis
2610 1415 3175 1528 pertinebunt.
3228 1415 3344 1499 Et
3392 1446 3749 1537 quorum
3803 1413 4219 1502 Abbatem
4259 1411 4400 1500 ad·

1011 1530 1430 1613 monuerit
1478 1591 1502 1636 ,
1570 1530 2043 1616 meminerit
2087 1562 2177 1618 ea
2245 1535 2541 1621 tacitus
2593 1532 2815 1652 apud
2867 1565 2953 1621 se
3023 1564 3369 1624 servare.

2387 1714 2476 1862 'c
2540 1778 2616 1863 A
2679 1778 2772 1863 P.
2886 1777 2997 1862 x.

2202 2020 2342 2104 De
2407 2017 3179 2106 Praedicatoribus.

1129 2252 1191 2337 Ι.
1275 2254 1722 2366 Eligantur
1773 2255 1878 2342 ab
1929 2257 2263 2354 Abbate
2312 2257 2701 2346 Generali
2739 2325 2764 2368 ,
2830 2260 2964 2347 vel
3018 2259 3123 2346 ab
3176 2260 3511 2349 Abbate
3561 2260 4179 2348 Provinciaein
4236 2265 4404 2349 sin·

1005 2375 1219 2486 gulis
1269 2379 1788 2464 Monasteriis
1841 2374 2013 2463 duo
2062 2380 2347 2466 saltem
2400 2410 2734 2489 graves,
2794 2406 2877 2468 et
2927 2377 3151 2466 docti
3203 2379 3593 2469 Monachi
3649 2446 3672 2488 ,
3742 2386 3882 2500 qui
3948 2381 4410 2491 admittens

1003 2493 1153 2579 dos
1218 2491 1325 2580 ad
1376 2493 2080 2610 praedicationem
2147 2501 2378 2587 verbi
2431 2500 2622 2609 Dei,
2675 2504 2805 2589 vel
2859 2500 2961 2588 ad
3012 2500 3467 2589 audiendas
3520 2501 4099 2589 confessiones
4149 2511 4403 2593 etiam

1003 2618 1371 2729 ipsorum
1421 2615 2062 2725 Monachorum,
2113 2653 2207 2706 ac
2259 2622 2693 2731 Magistros
2728 2624 3138 2739 publicoS,
3191 2645 3275 2708 et
3338 2622 3947 2735 promovendos
3995 2623 4098 2710 ad
4152 2657 4401 2747 quos·

1003 2766 1340 2855 cunque
1398 2733 1814 2844 Ordines,
1883 2736 2325 2852 diligenter
2372 2743 2620 2828 simul
2671 2748 3141 2831 examinent
3188 2805 3212 2850 ,
3268 2767 3709 2864 antequam
3764 2747 4269 2858 probentur,
4318 2770 4406 2831 et

1000 2853 1104 2940 ad
1156 2854 1636 2973 hujusmodi
1701 2859 2158 2947 Ministeria
2198 2925 2222 2970 ,
2289 2864 2427 2950 vel
2481 2862 2843 2953 Ordines
2891 2862 3461 2950 admittantur.
3523 2865 3631 2949 ll.
3688 2863 3857 2972 Qui
3916 2865 4022 2951 ad
4075 2863 4402 2980 praedi·

999 2980 1340 3064 cationis
1392 2973 1766 3064 officium
1837 2977 2170 3067 admissi
2224 3007 2471 3090 suut,
2541 2980 2855 3073 debent
2905 2988 3173 3102 primo
3227 2986 3557 3073 Sacram
3618 2986 4128 3099 Scripturam
4181 3018 4398 3075 sem-

994 3127 1144 3215 per
1175 3130 1372 3212 prae
1420 3099 1807 3185 manibus
1882 3099 2240 3212 habere,
2309 3106 2579 3216 legere
2617 3168 2642 3211 ,
2711 3129 2795 3192 et
2844 3102 3121 3225 quoad
3175 3104 3351 3191 fieri
3404 3108 3765 3220 poterit,
3830 3107 4208 3225 quotidie
4255 3107 4409 3193 ali-

997 3217 1206 3338 quid
1259 3221 1702 3321 memoriae
1763 3221 2177 3311 mandare.
2248 3225 2569 3337 Legant
2621 3230 2868 3313 etiam
2932 3227 3478 3339 expositiones
3542 3226 3882 3311 Patrum
3940 3230 4022 3311 in
4078 3253 4401 3313 utrum·

995 3369 1162 3467 que
1213 3339 1837 3425 Testamentum
1869 3406 1900 3446 ,
1958 3343 2184 3431 Vitas
2239 3346 2729 3434 Sanctorum
2763 3410 2786 3453 ,
2841 3348 3286 3433 Historiam
3338 3345 3998 3432 Ecclesiasticam
4032 3412 4057 3454 ,
4117 3348 4395 3463 Opera

993 3462 1372 3553 Ascetica
1426 3457 1764 3543 Patrum
1800 3525 1824 3567 ,
1880 3460 2348 3553 Conciones
2384 3533 2413 3571 ,
2484 3468 2887 3554 Homilias
2956 3468 3392 3552 doctorum
3447 3467 3835 3552 Virorum
3878 3531 3903 3572 ,
3960 3492 4042 3553 et
4092 3469 4245 3553 alia
4298 3470 4402 3552 si-

995 3581 1218 3668 milia
1257 3643 1281 3688 ,
1348 3578 1656 3699 quibus
1706 3581 2188 3671 evolvendis
2244 3586 2672 3675 residuum
2728 3590 3124 3704 temporis
3159 3649 3184 3692 ,
3239 3583 3467 3704 quod
3530 3587 3637 3672 ab
3692 3584 4001 3673 Officio
4050 3587 4392 3694 Divin0‚

995 3704 1343 3819 aliisque
1403 3701 1997 3813 spiritualibus,
2068 3728 2153 3792 et
2203 3710 2774 3824 corporalibus
2826 3709 3228 3796 exercitiis
3281 3711 3812 3812 remanserit,
3879 3707 4392 3822 impendant.

997 3821 1332 3910 Deinde
1383 3851 1818 3938 nunquam
1869 3828 2047 3913 sine
2096 3835 2717 3943 praeparatione
2772 3830 3286 3940 Concionem
3339 3826 3681 3934 saciant,
3714 3825 3860 3915 sed
3912 3830 4131 3915 illam
4170 3829 4399 3942 prius

995 3948 1450 4058 scripturae
1517 3941 2172 4054 commendent,
2241 3972 2320 4036 et
2391 3950 2685 4038 sedulo
2747 3952 3194 4037 memoriae
3272 3945 3627 4035 tradant.
3688 3948 3840 4032 11-1.
3911 3950 4166 4036 Extra
4220 3948 4407 4035 Mo-

933 4130 940 4139 ·
995 4068 1445 4152 nasterium
1516 4066 1830 4150 nemini
1910 4067 2513 4157 Monachorum
2596 4070 2715 4158 fas
2773 4076 2931 4159 erit
2978 4071 3527 4175 concionari,
3596 4092 3739 4156 aut
3814 4067 4115 4157 docere
4164 4133 4188 4179 ,
4258 4095 4405 4156 aut

998 4183 1581 4274 Confessiones
1657 4183 2002 4292 audire,
2068 4191 2245 4277 sine
2324 4224 2689 4309 expressa
2758 4193 3177 4306 Episcopi·
3227 4186 3647 4275 Ordinarii
3703 4190 4032 4277 licentia
4089 4228 4106 4272 :
4177 4190 4398 4278 Cum
4534 4246 4543 4252 ·

995 4339 1199 4396 vero
1264 4306 1371 4393 ad
1439 4303 1780 4421 aliquod
1841 4306 2240 4422 oppidum
2322 4318 2587 4399 vocati
2670 4312 3041 4419 fuerint,
3109 4308 3437 4395 dabunt
3511 4341 3902 4426 operam,
3975 4335 4069 4396 ut
4128 4315 4400 4425 primo

994 4430 1455 4542 Episcopi,
1510 4423 2099 4542 Chorepiscopi
2156 4495 2179 4537 ,
2246 4458 2388 4519 aut
2468 4434 2815 4521 Parochi
2892 4431 3564 4521 benevolentiam
3627 4431 3780 4516 sibi
3863 4457 4391 4545 comparent:

992 4546 1332 4637 Deinde
1409 4571 1756 4634 caveant
1837 4547 2298 4639 discursum
2389 4586 2534 4670 per
2584 4553 2927 4662 domos,
2993 4549 3137 4639 sed
3202 4553 3289 4636 in
3357 4548 3599 4638 aedes
3663 4552 4014 4667 alicujus
4079 4555 4241 4666 pii,
4312 4577 4399 4641 et

993 4669 1479 4785 exemplaris
1543 4665 2104 4756 Ecclesiastici
2156 4704 2244 4759 se
2297 4678 2690 4791 recipiant
2728 4739 2752 4784 ,
2822 4677 3107 4793 ibique
3160 4694 3754 4786 paupertatem'
3794 4674 4256 4782 religiosam
4309 4677 4395 4758 iu

992 4793 1241 4897 cibo,
1315 4811 1575 4905 potu,
1642 4810 1725 4872 et
1790 4794 2078 4877 ceteris
2147 4797 2537 4882 omnibus
2607 4820 2995 4902 servent,
3061 4790 3572 4899 modestiae,
3639 4816 3723 4879 et
3770 4794 4144 4902 gravitati
4199 4825 4398 4904 con-

987 4919 1393 5031 junctam.
1459 4907 1609 4993 IV.
1666 4906 1944 4997 Media
2010 4938 2288 5001 autem
2362 4919 2814 5031 spiritualia
2852 4980 2877 5025 ‚
2951 4913 3262 5034 quibus
3310 4916 3531 5026 juxta
3601 4935 3972 4999 nostrum
4054 4913 4398 5003 Institu-

988 5058 1173 5121 tum
1211 5096 1237 5140 ‚
1289 5053 1373 5117 et
1427 5030 1779 5119 Abbatis
1828 5030 2445 5150 beneplacitum
2486 5102 2509 5145 ,
2578 5062 2673 5124 ut
2722 5056 3115 5152 poterunt
3148 5097 3172 5140 ,
3240 5032 3447 5120 haec.
3492 5031 3665 5120 fere
3730 5032 3947 5120 s'unt.
4015 5033 4392 5123 Ministe-

989 5126 1209 5242 riuin
1269 5148 1533 5238 Verbi
1599 5149 1763 5237 Dei
1827 5153 1912 5236 in
1975 5154 2797 5268 praedicationibus,
2861 5159 3368 5275 privatisque
3436 5151 4146 5241 exhortationibus
4193 5220 4219 5262 ‚
4308 5183 4396 5246 et

991 5274 1450 5392 colloquiis.
1524 5271 2245 5362 sacramentorum
2299 5276 2863 5366 Confessionis
2897 5343 2927 5384 ,
2976 5301 3064 5365 et
3127 5273 3703 5362 Eucharistiae
3765 5272 4387 5364 administratio.

987 5395 1602 5483 Exercitiorum
1657 5395 2212 5508 spiritualium
2288 5397 2646 5487 traditio.
2699 5398 3306 5487 Dissidentium
3370 5396 3949 5496 reconciliatiO.
4014 5395 4389 5485 Casuum

989 5516 1727 5621 conscientiae‚·et
1785 5515 2226 5604 Sacrorum
2292 5518 2636 5608 Rituum
2688 5519 2796 5608 ad
2857 5518 3478 5609 Ecclesiasticos
3544 5517 3859 5630 privata
3919 5517 4383 5631 explicatio.

985 5637 1506 5727 Christianae
1553 5634 2014 5727 Doctrinae
2062 5636 2168 5728 ad
2230 5672 2530 5760 pueros
2560 5706 2585 5753 ,
2650 5644 3021 5766 aliosque
3076 5636 3341 5730 'rudes
3401 5636 3745 5756 publica
3794 5634 4258 5726 declaratio.
