4834 6409
2891 346 2919 390 Ι

996 476 1105 566 25
2794 535 2803 545 ·
4081 548 4085 552 .

993 474 1287 687 sociato
1346 592 1777 708 invigilare
1807 654 1832 699 ,
1898 586 2263 709 datoque
2356 585 2696 678 defectu
2731 585 3222 703 ‘Religioni-
3285 587 3604 680 direete
3638 650 3669 695 ‚
3747 588 3887 678 vel
3984 578 4410 675 indirecte·

991 720 1535 835 pernicioso,-
1575 714 1642 799 si
1706 711 2065 800 fraterna
2141 708 2602 799 admonitio
2653 742 2820 797 non
2879 712 3159 817 tollat,
3225 711 3542 819 Nobis,
3611 730 3698 799 et
3763 709 4393 800 Successoribus

992 842 1291 925 nostris
1341 832 1449 923 ad
1497 837 1863 951 proprias
1911 864 2210 921 manus
2260 830 2561 921 referre
2590 894 2614 937 ,
2665 864 2778 943 ‚ea
2829 835 2998 946 ipsa
3050 836 3366 920 ratione
3397 894 3426 938 ,
3479 863 3644 951 qua
3695 862 3742 920 e
3795 862 4193 921 converso
4242 856 4420 917 no··

995 962 1178 1047 stris
1230 956 1562 1045 decanis
1647 955 2064 1040 ruralibus
2139 956 2349 1039 serio
2428 950 3168 1060 demandabimus,
3231 976 3756 1069 perspectum
3808 951 4220 1061 habendi,
4285 980 4394 1037 an

990 1078 1485 1165 Missionarii
1540 1080 1695 1192 ipsi
1741 1076 2158 1161 Missionis
2204 1075 2537 1161 muneri
2585 1070 2869 1160 debite
2917 1074 3412 1163 incumbant
3440 1134 3466 1181 ,
3520 1071 3848 1195 hocque
3885 1071 4397 1189 adimpleant

998 1232 1097 1288 ex
1178 1202 1425 1305 asse,
1492 1194 1809 1316 quidve
1889 1193 2282 1283 adversus
2367 1194 2511 1280 has
2598 1219 2912 1280 nostras
2977 1195 3259 1305 leges,
3331 1192 3853 1282 conditiones
3898 1259 3928 1299 ,
3969 1218 4078 1283 ·et
4154 1217 4392 1311 pacta

1002 1343 1509 1437 operentur,
1574 1314 1805 1438 quod
1889 1321 1954 1401 si
2042 1338 2362 1430 praeter
2438 1346 2668 1431 spem
2743 1314 3075 1402 omnem
3163 1339 3524 1402 nostram
3583 1314 4204 1421 *dareturseos
4287 1310 4395 1400 ad

1000 1438 1631 1555 adimplendum
1669 1502 1700 1541 ,
1762 1462 1846 1524 et
1886 1437 2057 1522 -his
2109 1434 2434 1549 legibus
2506 1433 2969 1550 parendum
3049 1433 3412 1555 fraterne
3463 1460 3856 1523 moneant
3905 1470 3924 1520 ε
3995 1438 4142 1521 ubi
4193 1465 4395 1524 vero

1000 1594 1162 1650 nec
1209 1561 1368 1647 hac
1415 1564 1548 1647 via
1600 1556 1972 1645 defectus
2042 1559 2495 1659 tollantur,
2557 1579 2641 1643 et
2689 1555 2841 1640 hos
2900 1558 3273 1644 similiter
3325 1556 3566 1642 nobis
3617 1555 3983 1644 habeant
4034 1555 4395 1663 referre,

1000 1687 1445 1798 praecipue
1494 1711 1696 1768 vero
1746 1679 2161 1765 curabunt
2211 1681 2363 1793 ipsi
2427 1677 2922 1763 Missionarii
2954 1740 2986 1780 ,
3050 1701 3147 1763 ut
3205 1678 3846 1765 Ecclesiasticus
3878 1740 3902 1786 ,
3971 1703 4056 1764 et
4104 1676 4402 1763 Civilis

985 1802 1527 1914 ‘Magistratus
1574 1797 2030 1887 concordes
2113 1800 2453 1905 vivant,
2521 1821 2809 1911 utpote
2859 1800 3006 1916 qui
3076 1792 3271 1884 cnm
3327 1829 3494 1884 non
3560 1801 3722 1884 sint
3767 1797 3945 1883 duo
4007 1796 4397 1885 distincta

1005 1955 1343 2038 corpora
1378 1987 1400 2027 ,
1468 1919 1614 2008 sed
1667 1916 1914 2005 unius
1966 1922 2331 2035 corporis
2408 1917 2793 2004 distincta
2845 1919 3216 2006 membra
3258 1980 3283 2026 ,
3352 1923 3568 2005 sicut
3617 1916 4059 2034 concordia
4108 1929 4426 2007 eoruam‘

1000 2048 1252 2129 totius
1303 2041 1842 2157 Reipublicae
1892 2044 2136 2125 unica
2192 2063 2311 2127 est
2363 2037 2722 2126 anchora
2759 2102 2784 2145 ,
2850 2069 3015 2155 qua
3067 2040 3384 2126 sublata
3436 2039 3854 2125 fluctuant
3911 2043 4187 2125 omnia
4225 2104 4248 2145 ,
4315 2062 4400 2126 et

1004 2165 1453 2275 Religionis
1502 2183 2031 2276 contemptus
2077 2165 2404 2274 oritur,
2468 2163 2585 2247 sic
2639 2191 2735 2247 ea
2798 2181 3118 2251 servata
3170 2182 3353 2246 tuto
3399 2160 3677 2249 firmat
3724 2223 3751 2268 ,
3816 2183 3901 2247 et
3967 2156 4392 2247 immotam

1004 2288 1530 2373 securitatem
1582 2284 2035 2400 promittit:
3745 2382 3753 2388 .

1122 2401 1623 2491 Undecimo.
1696 2402 2335 2515 Ablegabuntur
2406 2410 2850 2517 eapropter
2890 2438 2941 2490 a
3030 2401 3269 2490 Patre
3353 2399 3920 2508 Provinciali,
3987 2423 4073 2487 et
4134 2400 4396 2489 Nobis

998 2525 1751 2640 praesentabuntur
1830 2526 1985 2613 viri
2067 2548 2245 2611 tum
2322 2526 2727 2630 scientia,
2814 2546 2991 2611 tum
3069 2547 3154 2609 et
3223 2525 3766 2608 sanctimonia
3839 2527 4058 2609 vitae
4141 2524 4392 2628 clari,

1000 2643 1614 2759 simplicitatem
1665 2675 1861 2730 cum
1920 2649 2219 2731 astutia
2272 2647 2799 2731 commixtam
2852 2642 3252 2730 habentes
3285 2705 3316 2747 ,
3379 2640 3742 2749 cordati,
3782 2674 4107 2756 sagaces
4142 2708 4172 2749 ,
4223 2676 4401 2756 gra·

998 2797 1143 2853 ves
1180 2831 1204 2874 ,
1246 2788 1356 2853 'et
1403 2762 1856 2881 prudentes
1907 2768 1991 2850 in
2047 2765 2468 2852 Polemica
2517 2826 2544 2870 ,
2605 2788 2695 2850 et
2745 2767 2829 2849 in
2889 2764 3017 2850 his
3080 2795 3294 2882 quae
3355 2786 3551 2847 sunt
3598 2761 3704 2849 ad
3757 2760 3974 2849 bene
4045 2763 4401 2851 forman·

1004 2884 1197 2973 dam
1264 2884 1723 2973 haereticae
1799 2888 2222 3000 pravitatis
2307 2884 2948 3002 inquisitionem
3019 2880 3532 2970 sufficienter
3603 2888 3956 2991 versati,
4027 2886 4396 2991 robusti,

1006 3016 1257 3131 atque
1310 3009 1801 3119 gravissimis
1853 3005 2270 3092 Missionis
2337 3004 2763 3091 laboribus
2810 3003 3315 3092 sustinendis
3366 3000 3711 3110 idonei,
3781 3028 3866 3091 et
3926 3009 4154 3120 apti,
4223 3011 4406 3124 qui·-

1003 3158 1171 3247 que
1222 3125 1809 3213 esse‘debeant
1847 3189 1870 3231 ,
1923 3126 2058 3210 vel
2106 3160 2153 3211 a
2206 3127 2509 3213 Sancta
2563 3122 2779 3212 Sede
2830 3126 3301 3242 Apostolica
3341 3186 3365 3230 ,
3429 3125 3673 3211 Vel-a
3729 3126 3968 3212 Sacra
4036 3125 4406 3239 Congre-

890 3265 898 3272 ‘
1004 3248 1332 3360 gatione
1385 3243 1490 3330 de
1544 3243 2085 3360 Propaganda
2138 3245 2348 3334 Fide
2410 3244 2900 3360 approbati,
2965 3244 3055 3331 id
3104 3269 3225 3334 est
3291 3249 3763 3333 necessariis
3799 3245 3921 3333 ad
3972 3246 4404 3336 Missiones

1005 3364 2084 3484 Apostolicas·peragendas
2152 3369 2603 3482 privilegiis
2666 3369 3074 3452 instructi.
4025 3440 4034 3447 .

1121 3485 1673 3575 Duodecimo.
1752 3488 1869 3574 Ut
1919 3518 2117 3574 vero
2166 3490 2500 3602 penitus
2585 3519 2630 3572 a
2693 3484 3056 3573 subditis
3139 3490 3601 3573 ministerio
3652 3486 4067 3574 Missionis
4116 3520 4406 3576 eorum

1004 3612 1456 3695 commissis
1504 3611 1673 3695 sint
1714 3607 2432 3723 ‚independentes,
2505 3610 2854 3695 vetitum
2902 3609 3005 3695 sit
3052 3607 3591 3695 Missionariis
3647 3640 3800 3722 pro
3847 3610 4407 3698 celebratione

997 3727 1443 3816 Missarum
1498 3731 2106 3842 eleemosynam
2158 3727 2264 3815 ab
2353 3729 2513 3813 illis
2600 3730 3033 3842 accipere,
3108 3732 3425 3843 possint
3508 3760 3708 3817 vero
3783 3762 3828 3815 a
3880 3733 4180 3817 curatis
4231 3796 4255 3839 ,
4326 3754 4409 3819 et

1001 3846 1600 3935 decurionibus
1666 3850 2030 3936 locorum
2067 3910 2092 3953 ,
2132 3853 2226 3935 ‘si
2284 3847 2368 3933 hi
2427 3850 2587 3935 illis
2650 3845 2850 3935 dare
2909 3850 3230 3954 velint,
3293 3872 3377 3937 et
3452 3850 3994 3938 abstinebunt
4071 3854 4411 3967 insuper

1004 3969 1113 4056 ab
1177 3974 1401 4056 o‘mni
1456 3993 1851 4090 quaestua
1893 4034 1915 4076 ,
1968 4002 2112 4056 seu
2168 3969 2613 4056 collectura
2667 3973 2749 4055 in
2806 3967 3231 4084 praedicto
3282 3973 3475 4085 ipsis
3527 3967 3957 4080 designato
3999 3968 4404 4058 ‘districtu

998 4088 1225 4209 (hac
1306 4096 1681 4203 integra,
1742 4091 1904 4175 illis
2003 4094 2147 4209 qui
2210 4089 2611 4176 hactenus
2665 4092 2777 4176 eis
2830 4092 2914 4173 in
2995 4089 3194 4175 locis
3280 4122 3371 4179 ea
3423 4095 3676 4203 gavisi
3760 4115 4007 4198 sunt,
4074 4095 4406 4207 penitus

1000 4236 1482 4300 remanente
1518 4209 1985 4330 )·contenti
2058 4215 2143 4297 in
2207 4212 2578 4295 Domino
2653 4209 3150 4317 esculentis,
3217 4235 3301 4299 et
3360 4211 3824 4328 poculentis
3863 4214 4115 4319 -illis,
4183 4244 4399 4330 quae

1000 4335 1117 4447 pii
1172 4332 1592 4445 largitores
1644 4329 1749 4416 ad
1801 4331 2160 4444 Hospitii
2210 4335 2551 4447 januam
2607 4332 2867 4437 ultro,
2903 4330 3351 4419 liberaliter
3385 4396 3410 4439 ,
3462 4356 3546 4420 et
3608 4332 4092 4422 charitative
4162 4333 4402 4421 detu-

1002 4452 1305 4559 lerint,
1396 4475 1479 4538 et
1526 4483 1678 4566 pro
1729 4451 2035 4573 quibus
2087 4455 2153 4536 si
2233 4455 2342 4537 ita
2403 4454 2670 4539 visum
2737 4449 3038 4558 fuerit,
3103 4451 3497 4539 sacrificia
3585 4484 3973 4566 peragere
4021 4457 4392 4569 possint,

1000 4576 1422 4684 signanter
1494 4596 1775 4659 autem
1826 4571 2246 4661 cavebunt
2296 4571 2402 4658 ab
2456 4572 2845 4657 omnibus
2930 4573 3775 4661 commensationibus
3828 4606 4023 4661 cum
4085 4576 4244 4661 illis
4295 4572 4402 4663 de

1001 4689 1475 4806 saepedicto
1516 4695 1640 4778 eis
1689 4689 2126 4803 designatu
2176 4690 2582 4779 districtu.
2713 4761 2720 4771 .
3433 4784 3440 4795 ,

1119 4812 1748 4904 Decimotertio.
1806 4813 1961 4898 Fas
2012 4816 2349 4928 insuper
2396 4844 2640 4927 saepe
2692 4815 2968 4909 relatis
3020 4814 3556 4901 Missionariis
3633 4811 3857 4901 haud
3911 4819 4016 4901 sit
4065 4820 4180 4904 eis
4257 4817 4402 4907 de·

999 4938 1415 5055 signatum
1486 4931 1761 5046 egredi
1826 4932 2294 5020 districtum
2346 4965 2390 5020 a
2445 4932 2762 5041 Nobis,
2829 4936 2962 5020 vel
3015 4935 3644 5022 Successoribus
3710 4938 4004 5022 nostris
4069 4943 4454 5052 praev-ia,

999 5088 1170 5146 non
1227 5057 1563 5143 obtenta
1615 5055 2025 5161 licentia,
2108 5085 2362 5174 quam
2450 5076 2722 5141 tamen
2780 5086 2946 5142 non
3035 5057 3195 5147 nisi
3280 5056 3391 5144 ob
3459 5088 3811 5173 ‘gravem
3887 5086 4222 5145 causam
4267 5062 4399 5147 ‘eis

1001 5209 1290 5286 sumus
1341 5174 1860 5287 denegaturi.
1964 5212 1981 5245 ι·
2609 5184 2616 5191 ’
3151 5265 3162 5277 ,
4147 5190 4154 5197 ’

1044 5297 1799 5416 ·-Decimoquar10.
1870 5294 2275 5383 Liberum
2324 5327 2372 5384 e
2427 5318 2715 5383 eontra
2767 5300 2871 5384 sit
2921 5329 3242 5414 semper
3279 5297 3542 5386 Nobis
3572 5364 3595 5406 ,
3649 5323 3734 5387 et
3767 5303 4397 5390 successoribus

999 5420 1296 5507 nostris
1332 5481 1355 5527 ,
1413 5420 1562 5503 etsi
1615 5414 2004 5530 erigenda
2086 5415 2400 5511 domus
2435 5418 2966 5531 Apostolicae
3040 5420 3466 5507 Missionis
3515 5418 4400 5539 finem-principaliter

998 5535 1495 5657 praeseferat
1531 5592 1574 5643 ,·
1622 5537 1821 5623 alios
1870 5540 2129 5625 etiam·
2170 5543 2779 5657 cujuscumque
2833 5540 3334 5654 Religionis,
3379 5541 3526 5628 vel
3598 5539 3940 5630 Ordinis
3988 5546 4078 5629 in
4131 5542 4399 5630 distri·-

1000 5684 1236 5755 etum
1286 5658 1702 5752 Missionis
1753 5657 2449 5778 Capuccinorum
2485 5657 3013 5776 designatum
3099 5660 3204 5751 ad
3256 5661 3690 5754 Missiones
3743 5656 4070 5752 mittere
4106 5729 4128 5773 ,
4184 5668 4412 5783 ipsos·
