4834 6409
1021 380 1137 470 28

984 499 1146 596 ,des
1196 501 1631 624 Eveques',
1694 524 1776 593 et
1824 503 1990 593 l'on?
2013 510 2373 625 justicie
2439 508 3053 629 l'eippmbation
3109 504 3216 593 de
3273 507 3585 598 Mense
3605 514 3625 534 ’
3718 613 3724 620 .
3781 543 3886 599 w·
3943 510 4025 599 le
4091 505 4399 597 Cardi-

986 623 1316 744 'n'alde
1352 624 1821 735 Noailles,
1872 629 2429 751 Arckeveque
2475 631 2584 720 de
2633 624 2889 719 Paris
2950 661 3204 750 1709.
3295 632 3616 721 Veneta
3681 634 3829 722 iles
3903 658 4183 723 autem
4233 628 4396 718 fra·

1005 767 1174 848 tres
1260 751 1516 834 nostri
1571 751 1651 838 S.·
1720 750 1814 838 R.·
1848 749 1988 834 E.
2043 748 2535 841 Cardinales
2610 756 2698 839 in
2785 776 2958 840 tota
3028 751 3485 870 Republica
3569 752 4040 843 Christiana
4105 775 4396 841 contra

1003 864 1504 955 haereticam
1554 874 2044 987 pravitatem
2074 873 2516 984 generales
2566 872 3108 992 inquisitores
3153 906 3202 960 a
3264 871 3496 963 Sede'
3527 876 4004 991 Apostolica
4046 875 4393 990 ‘specia-

1005 987 1195 1108 liter
1244 986 1713 1105 deputati,
1756 988 2041 1110 audita
2101 993 2296 1079 libri
2350 989 2850 1113 hujusmodi·
2893 1003 3243 1083 censura
3301 996 3463 1082 sibi
3511 996 3762 1085 relata
3797 1058 3823 1104 ,
3888 997 4132 1083 illum
4211 1017 4392 1082 tan·
4517 1095 4524 1098 ,

1008 1137 1263 1230 quam
1348 1116 1916 1231 continentem
1979 1115 2580 1230 propositiones
2660 1111 3178 1203 scandalosas
3213 1179 3238 1223 ,
3338 1118 3425 1202 in
3479 1120 3736 1234 -praxi
3769 1118 4311 1232 'perniciosas
4363 1175 4394 1222 ,

1004 1230 1530 1344 Apostolicae
1585 1231 1782 1352 Sedi
1833 1237 2272 1350 injuriosas
2294 1278 2334 1341 2,
2386 1237 3074 1345 contumeliosas,
3127 1269 3592 1350 erroneas,-
3627 1236 4247 1340 schismaticas,
4294 1264 4396 1323 ac

1006 1348 1322 1458 haeresi
1374 1357 1830 1467 proximas,
1867 1378 1953 1443 et
2002 1354 2454 1443 haereticas
2503 1359 2957 1471 respective
2991 1354 3616 1471 prohibendum
3644 1420 3671 1463 ,
3708 1381 3792 1446 et
3821 1354 4397 1446 condemnan-

1006 1468 1216 1564 dum
1266 1501 1439 1559 esse
1490 1478 1987 1563 censuerint.
2056 1476 2294 1563 Hinc
2347 1500 2528 1581 est,
2591 1474 2822 1596 quod
2873 1508 3021 1563 nos
3066 1490 3222 1594 pro
3281 1480 3720 1565 commissa·
3761 1477 4027 1564 Nobis
4086 1474 4396 1578 divini·

1009 1612 1144 1678 tus
1195 1595 1460 1705 gregis
1508 1595 1936 1682 Dominici
1988 1609 2184 1683 c‘ura
2234 1599 2732 1683 Animarum
2785 1598 3225 1712 periculis,
3256 1607 3508 1716 atque
3549 1595 4122 1703 detrimentis,
4176 1605 4408 1716 quae‘

996 1729 1108 1798 'ex
1155 1713 1528 1825 ejusdem
1597 1716 1787 1803 libri
1837 1715 2255 1824 lectione,
2309 1740 2394 1806 et
2440 1748 2599 1804 usu
2649 1719 3086 1832 provenire
3135 1741 3471 1831 possent
3502 1769 3532 1824 ,-
3593 1718 3977 1834 pastorali
4027 1717 4410 1804 solicitw.

1009 1829 1210 1919 dine
1243 1893 1269 1938 ,
1363 1858 1769 1953 quantum
1827 1868 2020 1922 cum
2070 1836 2440 1924 Domino
2488 1868 2970 1951 possumus,
3034 1851 3473 1925 occurrere
3507 1839 3965 1946 solentes,
4052 1833 4166 1924 de
4223 1867 4400 1924 me·

1007 1974 1521 2042 moratorum
1593 1954 2168 2043 Cardinalium
2222 1958 2568 2045 consilio
2605 2021 2630 2065 ,
2671 1991 2778 2044 -ac
2838 1960 3083 2046 etiam
3135 1981 3369 2044 motu
3419 1961 3752 2071 proprio
3780 2003 3813 2065 ·,
3877 1981 3961 2045 et
4020 1988 4120 2044 ex
4169 1980 4393 2044 certa

1009 2074 1345 2159 scientia
1380 2138 1404 2182 ,
1473 2098 1557 2163 et
1605 2080 1926 2163 matura
1980 2075 2982 2183 deliberatione-nostris,
3068 2074 3344 2194 deque
3393 2079 3919 2191 Apostolicae
3969 2078 4395 2190 potestatis

614 2191 2154 2312 Damnatiq‚plenitudine·supradictum
2213 2198 2520 2284 librum
2580 2198 3152 2315 ubicumque,
3215 2220 3300 2284 et
3361 2200 3899 2319 quocumque
3964 2197 4127 2283 alio
4188 2193 4398 2282 idio·
4493 2263 4502 2270 .

619 2297 742 2441 {tm
745 2284 987 2444 oprflffi}
1015 2336 1232 2401 mate
1268 2378 1294 2423 ,
1332 2348 1477 2403 seu
1528 2320 1821 2435 quavis
1872 2315 2239 2406 editione
2272 2381 2303 2422 ,
2355 2341 2501 2405 aut
2549 2322 2929 2405 versione
2979 2316 3416 2435 hucusque
3463 2320 3950 2431 impressum
3989 2381 4014 2423 ,
4105 2325 4248 2402 au't
4299 2319 4389 2403 in

624 2488 776 2534 eum
814 2490 986 2549 man.
1014 2441 1433 2547 posterum
1482 2435 1783 2558 (quod
1848 2439 2123 2551 absit)
2180 2434 2831 2553 imprimendum
2885 2462 3170 2525 tenore
3217 2443 3775 2552 praesentium
3824 2436 4326 2523 damnamus
4359 2500 4386 2542 ,

618 2558 986 2668 datoiuam
1013 2576 1098 2640 et
1147 2557 1726 2670 reprobamus,
1795 2589 1890 2645 ac
1940 2559 2148 2670 legi,
2212 2591 2358 2647 seu
2409 2561 2740 2646 retineri
2819 2555 3358 2672 prohibemus
3391 2622 3422 2663 ,
3485 2561 3906 2678 ipsiusque
3996 2558 4183 2643 libri
4240 2562 4400 2644 im·

617 2649 955 2810 ἓξὲξ*
1010 2679 1511 2788 pressionem
1550 2742 1575 2785 ,
1629 2675 2268 2792 descriptionem
2306 2743 2331 2784 ,
2401 2680 2841 2766 lectionem
2878 2741 2908 2781 ‚
2975 2681 3573 2786 retentionem,
3643 2711 3797 2766 nec
3854 2708 4030 2775 non
4123 2681 4401 2766 omni·

619 2833 783 2912 tiis,
835 2834 939 2903 vel
1008 2794 1220 2900 bus,
1286 2820 1371 2883 et
1420 2799 1763 2911 singulis
1812 2795 2123 2886 Christi
2178 2798 2570 2886 fidelibus
2605 2860 2630 2902 ,
2701 2801 2948 2884 etiam
3001 2795 3436 2911 specifica,
3524 2823 3607 2886 et
3657 2795 4101 2885 individua
4158 2828 4398 2885 men-

616 2924 960 3030 lpquieito·
1013 2917 1304 3021 tione,
1362 2939 1448 3002 et
1493 2920 2010 3033 expressione
2061 2915 2331 3029 dignis
2381 2917 2542 3003 sub
2594 2948 2857 3031 poena
2924 2921 3807 3005 excommunicationis
3869 2951 4018 3036 per
4067 2939 4395 3006 contra-

620 3015 817 3086 ubas.
1005 3032 1402 3123 facientes
1437 3100 1465 3144 ,
1530 3041 1712 3154 ipso
1742 3034 1962 3134 facto
2010 3036 2322 3157 absque
2375 3040 2526 3124 alia
2583 3034 3139 3125 declaratione
3191 3036 3690 3125 incurrenda
3734 3102 3757 3145 ‚
3814 3073 3857 3126 a
3910 3070 4076 3158 qua
4130 3070 4384 3126 nemo

996 3187 1057 3242 ‘a
1108 3186 1535 3274 quoquam
1585 3180 2163 3279 praeterquam
2231 3192 2275 3246 a
2325 3158 2594 3244 Nobis
2625 3222 2656 3265 ,
2715 3189 2863 3244 seu
2915 3157 3292 3244 Romano
3342 3157 3756 3248 Pontifice
3803 3190 3956 3273 pro
4022 3182 4399 3274 tempore

1010 3279 1405 3365 existente
1441 3342 1470 3386 ‚
1534 3281 1685 3364 nisi
1738 3282 1824 3363 in
1885 3281 2172 3365 mortis
2222 3279 2575 3366 articulo
2639 3281 3136 3365 constitutus
3172 3341 3197 3382 ,
3266 3280 3810 3366 absolutionis
3876 3275 4393 3366 beneficium

1005 3396 1278 3485 valeat
1340 3399 1719 3485 obtinere
1768 3401 2114 3485 omnino
2165 3398 2767 3488 interdicimus.
2830 3398 3232 3485 Volentes
3277 3462 3310 3503 ,
3359 3423 3443 3486 et
3491 3401 3990 3486 auctoritate
4040 3400 4398 3513 Aposto-

1010 3520 1169 3605 lica
1219 3517 1712 3608 mandantes
1746 3558 1796 3626 ,·
1843 3541 1939 3604 ut
2050 3521 2860 3639 [licumque-librum
2913 3515 3392 3635 hujusmodi
3441 3551 3697 3636 penes
3746 3550 3842 3607 se·
3893 3517 4393 3625 habuerint,

915 3661 931 3682 ·’
1007 3640 1144 3725 vel
1192 3640 1278 3723 in
1331 3636 1706 3725 futurum
1765 3551 2468 3758 quandocumque
2525 3639 2964 3727 habebunt
2997 3701 3030 3746 ,
3089 3640 3330 3725 illum
3379 3644 3658 3727 statim
3709 3663 3963 3759 atque
4016 3668 4402 3757 praesen-

1010 3769 1132 3845 tes
1202 3758 1485 3845 literae
1533 3762 1649 3845 eis
1700 3761 2218 3847 innotuerint
2269 3763 2645 3849 locorum
2694 3756 3132 3846 ordinariis
3163 3821 3189 3866 ,
3252 3761 3390 3847 vel
3443 3760 3904 3849 haereticae
3957 3760 4397 3877 pravitatis

872 3875 888 3892 ”
1007 3880 1642 3998 inquisitoribus
1713 3877 2070 3989 tradere,
2145 3905 2400 4001 atque
2451 3884 2939 3991 consignare
2985 3903 3424 3967 teneantur
3462 3945 3496 3989 ,
3553 3880 3642 3968 hi
3710 3911 3905 3970 vero
3965 3879 4401 3992 exempla-

1010 4001 1130 4084 ria
1178 4001 1335 4086 sibi
1382 4003 1505 4088 sic
1559 3998 1855 4088 tradita
1910 4001 2134 4087 illico
2183 4003 2546 4088 flammis
2587 4001 2900 4088 aboleri
2952 4023 3256 4087 curent
3285 4063 3320 4107 ,
3363 4003 3446 4087 in
3502 4005 4014 4091 contra-rium
4072 3997 4396 4087 facien»

1011 4118 1234 4205 tibns
1287 4151 1455 4208 non
1511 4120 2035 4206 obstantibus
2087 4124 2801 4242 quibuscumque.
3306 4121 3312 4128 ’

624 4257 987 4326 Clausulas.
1167 4242 1293 4329 Ut
1341 4248 1346 4254 ’
1401 4253 1677 4329 autem
1757 4237 2099 4329 eaedem
2185 4241 2651 4360 praesentes
2735 4241 3018 4329 literae
3113 4240 3506 4331 omnib-us
3595 4238 3918 4326 facilius
4022 4240 4386 4329 innotes-

1014 4385 1204 4448 cant
1232 4367 1291 4468 ,'
1328 4393 1481 4450 nec
1531 4363 2353 4480 quisquamillarum
2408 4363 2959 4475 ignorantiam
3007 4362 3368 4474 allegare
3409 4364 3715 4476 possit,
3783 4361 4225 4466 volumus,
4293 4385 4383 4449 et

1013 4485 1508 4600 anctoritate
1553 4480 1982 4600 praedicta!
2023 4480 2553 4569 decernimus
2600 4546 2625 4590 ,
2711 4482 2889 4567 illas
2963 4480 3072 4568 ad
3144 4482 3433 4571 valvas
3498 4481 3900 4568 Basilicae
3976 4483 4400 4597 Principis

1014 4602 1604 4717 Apostolorum
1639 4664 1662 4709 ,
1743 4634 1839 4688 ac
1882 4601 2456 4692 Cancellariae
2512 4602 3029 4718 Apostolicae
3062 4665 3093 4708 ,
3157 4632 3315 4690 nec
3402 4632 3571 4688 non
3621 4597 3930 4690 Curiae
3978 4602 4396 4713 generalis

1015 4723 1101 4806 in
1157 4720 1451 4808 Monte
1497 4720 1964 4838 Citato'rio,
2019 4746 2103 4809 et
2154 4725 2237 4808 in
2293 4729 2469 4812 acie
2513 4722 2817 4836 Campi
2870 4721 3161 4808 Florae
3211 4720 3320 4808 de
3368 4721 3618 4808 Urbe
3654 4751 3810 4835 per
3870 4722 4242 4840 aliquem
4291 4750 4393 4807 ex

1014 4839 1521 4929 Cursoribus
1568 4843 1863 4928 nostris
1891 4904 1916 4949 ,
1958 4864 2050 4928 ut
2101 4846 2352 4932 moris
2404 4868 2553 4952 est,
2604 4839 3051 4961 publicari,
3094 4842 3596 4959 illarumque
3644 4841 4020 4957 exempla
4064 4838 4392 4927 ibidem

1014 4957 1254 5050 affixa
1308 4963 1726 5083 relinqui,
1794 4965 2009 5047 itaut
2051 4966 2170 5049 sic
2219 4966 3100 5080 publicataeomnes,
3163 4982 3249 5048 et
3295 4962 3663 5074 singulos
3697 5025 3727 5065 ‚
3789 4992 3998 5081 quos
4049 4990 4392 5048 concer-

1012 5105 1281 5190 nunt,
1318 5080 1680 5197 perinde
1728 5078 2095 5170 afficiant
2128 5147 2154 5192 ,
2215 5119 2323 5173 ac
2365 5089 2429 5171 si
2494 5086 2954 5200 unicuique
2989 5083 3358 5172 ‚illorum
3418 5081 3957 5197 personaliter
4007 5078 4398 5167 notifica·-

860 5257 866 5266 ·
998 5228 1196 5311 tae,
1265 5206 1821 5308 &intimatae
1872 5199 2276 5291 fixissentt
2330 5210 2698 5322 ipsarum
2758 5224 3036 5288 autem
3087 5204 3511 5306 literarum
3577 5203 4118 5317 transumptis
4141 5262 4180 5306 ,.
4240 5231 4395 5287 seu

1008 5325 1404 5440 exemplis
1439 5389 1469 5432 ‚
1520 5313 2228 5439 etiam'impressis
2278 5340 2534 5414 manu
2584 5327 2933 5438 alicujus
2986 5321 3299 5426 Notarii
3353 5324 3666 5439 publici
3698 5312 4237 5438 subscriptis,
4293 5341 4389 5407 et

610 5559 757 5592 ί
830 5554 837 5560 α
951 5437 1283 5594 {sigillo
1314 5449 1753 5573 Pers-9⁰³³*
1798 5445 1884 5534 in
1937 5450 2483 5564 ecclesiastica
2530 5445 2941 5568 dignitate
2989 5446 3490 5534 constitutae
3531 5447 3878 5532 munitis
3921 5507 3956 5555 ,
4012 5436 4398 5532 eamdem
