4834 6409
3686 455 3792 541 15

534 593 955 675 rinensem
994 648 1017 694 ‚
1074 551 1626 698 Pontificium
1695 571 2341 664 Cubicularium
2416 574 2752 664 honoris
2814 590 3397 687 nuncupatum
3446 609 3473 688 3
3539 575 3798 692 qitem

538 707 880 794 demum
927 701 1506 796 Antiochenae
1571 698 2012 787 Ecclesiae
2076 697 2678 783 Patriam-ham
2738 696 3200 781 constituit.

1632 938 2175 1027 Venerabiles
2234 936 2591 1026 Fratres.

563 1098 1212 1302 Speculatores
1271 1182 1597 1268 Domus
1646 1179 1897 1267 Israel
1931 1241 1957 1287 ‚
2022 1210 2267 1294 super
2318 1175 2827 1264 Cathedram
2877 1175 3286 1294 Principis
3351 1181 3794 1296 Apostolo-

432 1340 615 1396 rum
649 1372 672 1416 ,
739 1305 1257 1393 inscrutabili
1330 1302 1691 1392 Divinae
1741 1297 2325 1389 Providentiae
2388 1327 2689 1386 arcano
2764 1300 3250 1406 constituti,
3318 1331 3486 1386 non
3536 1300 3790 1388 modo

432 1428 900 1542 gravissima
949 1425 1518 1512 Ecclesiarurn
1570 1424 1947 1507 omnium
2030 1418 2554 1506 solicitudine
2620 1420 3077 1533 premimur
3111 1482 3142 1524 ,
3210 1417 3359 1505 sed
3440 1419 3546 1507 ad
3599 1423 3790 1505 uni·

428 1555 746 1635 ver‘s'am
780 1608 805 1652 ‚
870 1575 1085 1665 quae
1145 1543 1303 1630 sub
1353 1542 1613 1628 Coelo
1689 1565 1813 1627 est
1848 1605 1872 1648 ,
1940 1572 2040 1627 ex
2098 1544 2326 1625 omni
2386 1540 2669 1644 tribu,
2722 1561 2806 1626 et
2864 1539 3199 1650 lingua,
3266 1562 3352 1625 et
3409 1540 3724 1656 populo
3760 1601 3788 1645 ‚

435 1691 518 1754 et
571 1669 902 1754 natione
952 1668 1326 1777 gentium
1360 1659 1988 1748 multitudinem
2039 1661 2336 1746 mentis
2388 1683 2714 1747 nostrae
2761 1659 3044 1747 oculos
3077 1662 3382 1775 jugiter
3432 1665 3792 1747 circum-

434 1783 798 1874 ferimus.
864 1784 1302 1892 Quantum
1387 1785 1450 1868 si
1517 1780 1800 1867 uidem
1847 1785 1933 1865 in
1984 1778 2248 1866 Nobis
2298 1803 2419 1866 est
2454 1843 2480 1887 ,
2548 1813 2592 1867 a
2641 1779 2832 1865 solis
2917 1804 3107 1866 ortu
3155 1810 3421 1899 usque
3483 1778 3591 1867 ad
3640 1811 3787 1866 oc·

436 1933 717 1992 casum
766 1903 1085 1990 laudari
1136 1815 1840 1990 nomeanomini
1891 1930 2418 2013 summopere
2468 1902 2849 2016 cupimus
2881 1963 2908 2007 ,
2957 1897 3336 2019 adeoque
3385 1903 3634 1986 etiam
3682 1895 3798 1985 ad=

436 2027 1013 2111 remotissimas
1076 2024 1183 2109 ab
1266 2021 1424 2108 bac
1503 2021 1797 2108 Sancta
1850 2017 2063 2106 Sede
2142 2019 2546 2132 Regiones
2607 2021 3042 2107 Pastoralis
3103 2020 3574 2131 vigilantiae
3645 2049 3799 2105 no-

434 2167 652 2232 strae
715 2175 996 2229 curam
1060 2138 1574 2228 extendimus
1608 2204 1633 2249 ,
1697 2162 1794 2225 ut
1848 2137 2162 2225 ibidem
2214 2139 2681 2228 Christiana
2734 2140 3053 2253 Religio
3102 2138 3583 2259 quotidiana
3648 2140 3787 2228 Ina

436 2260 817 2351 fidelium
873 2264 1334 2348 accessione
1383 2262 1626 2347 latins
1694 2282 2239 2375 propagetur,
2291 2281 2375 2346 et
2426 2291 2596 2378 quo
2644 2291 2932 2348 recens
2980 2256 3583 2367 inducta-fuit,
3619 2290 3792 2344 ma·

445 2386 566 2493 gis
632 2386 718 2465 in
772 2378 1011 2485 dies,
1070 2378 1622 2468 benedicente
1663 2378 2033 2467 Domino
2068 2440 2093 2484 ‚
2154 2380 2642 2467 stabiliatur.
2707 2381 3158 2467 Paternum
3241 2402 3518 2466 tamen
3598 2410 3794 2494 prae

447 2503 785 2587 caeteris
846 2502 1216 2585 animum
1262 2502 1537 2613 pulsat
1573 2565 1597 2608 ‚
1664 2497 2201 2620 studiumque
2252 2524 2624 2586 nostrum
2674 2503 2970 2588 excitat
3003 2565 3036 2604 ,
3083 2522 3168 2586 et
3215 2499 3566 2613 impellit
3624 2530 3793 2584 am-

438 2620 907 2734 plissimum
961 2621 1345 2706 Sinarum
1408 2622 1860 2734 Imperium
1898 2681 1923 2725 ,
1986 2623 2070 2703 in
2197 2650 2303 2704 uo
2378 2643 2710 2707 strenua
2772 2620 3466 2733 Evangelicorum
3536 2620 3793 2704 Mini-

440 2763 798 2826 strorum
849 2771 1089 2855 opera
1143 2773 1185 2824 a
1239 2740 1523 2825 multis
1598 2743 1765 2854 jam
1816 2740 2052 2824 annis
2215 2737 2520 2823 hristus
2577 2741 3189 2844 annunciatur,
3253 2761 3337 2823 et
3420 2739 3718 2823 colitur
3751 2800 3775 2841 ‚

431 2863 950 2978 majoresque
1027 2855 1224 2946 inde
1274 2858 1594 2970 fructus
1651 2857 1905 2976 (Deo
1954 2859 2564 2945 incrementum
2625 2854 2948 2974 dante)
3009 2858 3419 2972 expectari
3480 2859 3780 2943 merito

432 3002 798 3089 possunt.
873 2977 1179 3064 Verum
1257 2981 1450 3095 quia
1533 2983 1619 3064 in
1692 2978 2103 3063 latissimis
2161 2977 2329 3064 illis
2384 2977 2928 3089 regionibus,
2990 3007 3211 3093 quae
3292 2974 3530 3063 albae
3590 2997 3789 3061 sunt

438 3100 604 3208 jam
659 3094 763 3179 ad
827 3126 1167 3181 messem
1202 3158 1226 3201 ‚
1280 3100 1663 3184 inimicus
1724 3095 1976 3181 homo
2035 3098 2147 3183 ab
2189 3096 2508 3214 aliquot
2556 3100 2793 3183 annis
2857 3097 3425 3212 multiplieiter
3477 3098 3794 3181 zizania

442 3214 1089 3326 superseminare
1140 3246 1305 3298 non
1360 3239 1665 3320 cessat,
1729 3246 1888 3301 nec
1967 3215 2487 3306 Christianae
2536 3215 2734 3302 fidei
2810 3247 3034 3328 seges
3068 3280 3106 3321 ,
3163 3248 3428 3333 quae,
3495 3239 3592 3300 ut
3653 3247 3797 3300 au-

442 3329 869 3435 divimus,
957 3333 1065 3417 ab
1139 3333 1493 3421 ethnicis
1558 3336 1887 3420 illarum
1983 3339 2345 3449 partium
2408 3338 2952 3451 potestatibus
3006 3367 3372 3434 crescere
3463 3338 3790 3441 sinitur,

435 3450 650 3564 Ejus
709 3448 1080 3563 profecto
1128 3485 1283 3567 ope
1318 3519 1349 3559 ,
1415 3458 1562 3572 qui
1611 3455 1813 3540 olim
1847 3459 2267 3543 suscitavit
2319 3456 2723 3570 Spiritum
2767 3455 2969 3570 Cyri
3021 3455 3274 3567 Regis
3312 3457 3794 3560 Persarum,

435 3592 535 3655 ut
592 3570 919 3683 juberet
967 3572 1421 3687 praedicari
1482 3578 1582 3660 -in
1629 3577 2019 3662 universo
2096 3576 2389 3688 Regno
2451 3607 2605 3660 suo
2668 3580 2920 3663 etiam
2993 3607 3148 3689 per
3210 3577 3713 3690 Scripturam
3756 3637 3790 3677 ,

435 3690 1103 3803 Apostolicorum
1154 3693 1917 3800 Missionariorum‚
1982 3694 2212 3812 quod
2250 3698 2604 3782 maxime
2647 3693 3128 3782 deflendum
3180 3719 3388 3781 esset
3422 3759 3445 3802 ,
3514 3698 3595 3808 in
3666 3693 3792 3777 di-

433 3838 669 3893 versa
719 3807 1240 3898 tendentium
1291 3811 1703 3919 dissidiis,
1763 3816 2021 3901 veluti
2074 3818 2325 3929 spinis
2360 3878 2384 3923 ,
2451 3812 2903 3901 sufficetur
2938 3878 2974 3920 ,.
3017 3838 3099 3902 et
3148 3840 3476 3928 pereat3
3527 3815 3797 3931 utque

440 3929 776 4013 insimul
842 3930 1218 4043 pluribus
1253 3997 1287 4044 7
1360 3937 1772 4052 variisque
1825 3934 2630 4022 vastissimae-illius
2687 3934 3102 4020 Missionis
3163 3935 3780 4021 necessitatibus

434 4051 1039 4162 prospiciatur,
1102 4050 1645 4172 ejusdemque
1695 4076 1951 4140 status
2000 4117 2033 4160 ‚
2092 4086 2187 4141 ac
2254 4057 2339 4138 in
2406 4085 2497 4140 ea
2577 4053 3134 4140 laborantium
3197 4054 3791 4167 operariorum

436 4164 706 4253 studia
786 4168 985 4254 huic
1037 4172 1385 4258 Sanctae
1435 4171 1627 4258 Sedi
1692 4170 2049 4260 fideliter
2091 4177 2678 4285 innotescant3
2728 4172 3054 4261 Divino
3106 4177 3344 4285 prius
3405 4203 3551 4286 per
3611 4169 3796 4256 Nos-

441 4283 857 4370 diuturnis
893 4350 927 4393 ,
986 4310 1242 4407 atque
1312 4294 1719 4377 accuratis
1788 4293 2191 4407 precibus*
2235 4294 2674 4407 implorato
2721 4292 3194 4408 praesidio,
3250 4315 3342 4377 ut
3416 4313 3788 4378 mentem

441 4426 809 4489 nostram
865 4406 1183 4494 lumine
1233 4439 1431 4496 suae
1492 4410 1877 4497 claritatis
1937 4415 2376 4499 instrueret
2412 4476 2446 4519 r
2479 4410 2966 4529 habitaque
3018 4443 3272 4525 super
3328 4412 3794 4525 praemissis

433 4554 628 4607 curn
691 4524 1194 4641 quibusdam
1259 4560 1356 4615 ex
1430 4528 2117 4620 Fraternitatib‘us
2175 4531 2493 4620 Vestris
2539 4595 2565 4638 ,
2650 4562 2958 4643 nempe
3036 4561 3232 4616 cum
3310 4530 3787 4643 particulari

438 4640 1099 4755 Congregatione
1146 4645 1723 4735 Cardinalium
1794 4654 2145 4762 negotiis
2197 4648 2776 4768 propagandae
2835 4648 3074 4736 Fidei
3131 4655 3786 4765 praepositorum

442 4759 1045 4853 deliberatione
1105 4790 1424 4856 matura
1459 4831 1493 4876 ‚
1549 4769 1850 4856 Virum
1908 4772 2272 4889 aliquem
2346 4802 2676 4858 morum
2757 4772 3294 4882 integritate,
3352 4767 3723 4856 doctrina
3763 4831 3790 4872 ‚

438 4903 688 4999 atque
736 4884 1182 4997 prudentia
1264 4886 1937 4977 commendatum
1973 4954 2003 4997 ,
2060 4893 2590 4979 Visitatorem
2662 4890 3238 5006 Apostolicum
3304 4921 3500 4978 cum
3551 4912 3782 5003 pote·

441 5023 655 5088 state
700 5002 993 5116 Legati
1041 5004 1153 5092 de
1195 5006 1495 5096 Latere
1539 5005 1645 5095 ad
1695 5008 2153 5125 praefatum
2205 5011 2587 5097 Sinarum
2633 5075 2670 5115 ,
2730 5011 3054 5127 aliaque
3111 5009 3462 5099 finitima
3511 5007 3787 5093 India-

441 5151 635 5207 rum
684 5121 1241 5213 Orientalium
1293 5126 1573 5239 Regna
1620 5160 1786 5216 una
1826 5162 2036 5218 -cum
2074 5147 2447 5243 congruo
2495 5125 3202 5223 Missionariorum
3264 5131 3658 5219 comitatu
3709 5128 3791 5210 in

441 5243 791 5330 nomine
826 5244 1176 5331 Domini
1237 5247 1570 5333 mittere
1613 5253 2215 5337 constituimus.
2286 5250 2492 5359 Quo
2535 5282 2739 5340 vero
2798 5253 2865 5336 is
2936 5254 3234 5368 majori
3291 5279 3484 5338 cum
3534 5244 3796 5332 hono-

434 5358 849 5449 rificentia
919 5362 1031 5451 ad
1083 5365 1253 5453 Dei
1308 5365 1655 5479 gloriam
1686 5429 1724 5472 ,
1776 5374 2417 5492 animarumque
2465 5372 3058 5486 pretiosissimo
3115 5367 3558 5481 Unigeniti·
3626 5364 3790 5452 Dei

433 5479 628 5566 Filii
675 5482 1027 5573 Domini
1071 5488 1337 5573 nostri·-
1382 5484 1589 5573 Jesu
1630 5484 1949 5577 Christi
2007 5494 2438 5602 Sanguine
2471 5489 3090 5607 redemptarum
3133 5492 3536 5594 salutem,
3602 5509 3786 5574 tan·

441 5619 539 5684 to
576 5598 820 5717 fungi
862 5605 1145 5700 valeat
1189 5608 1715 5721 ministerio,
1768 5606 2245 5702 Patriarcali,
2324 5644 2527 5716 cum
2572 5614 2826 5702 titulo·
2865 5609 3448 5704 Antiochenae
3495 5607 3805 5696 Eccle-
