4834 6409
1036 482 1717 711 :fibc'onfimatio
1762 592 2124 681 Dect-eti
2174 596 2874 717 Congregatiomk
2921 597 3027 682 de
3076 592 3647 718 Propaganda
3687 596 3914 685 Fide
3966 622 4226 713 supet·
4242 548 4416 715 fa·-

1276 714 1599 800 cultata»
1624 779 1653 818 ,
1720 713 2162 829 Praefecto
2206 719 2698 830 Apostolico
2771 720 3294 803 Missionum
3355 725 3822 838 Mequinez
3856 784 3887 824 ,
3967 717 4418 805 Mamcltii

1282 866 1667 919 concessa
1704 897 1731 937 ‚
1782 834 2283 918 instituendi
2329 838 2978 923 Procurator-em
3017 838 3447 925 dictarum
3492 846 4016 928 Missionum
4095 844 4191 923 in
4247 837 4418 949 Op·

1276 952 1485 1069 pido
1554 957 1943 1040 stlatriti.

1574 1190 2704 1310 CLEMENS
2830 1194 3437 1310 PAPA
3553 1194 3904 1315 XII.

2025 1438 2179 1523 Ad
2210 1462 2710 1556 perpetuam
2757 1445 2890 1524 rei
2934 1450 3458 1529 memoriam.

662 1668 1035 1778 Ifrovincja-
1177 1690 1250 1786 S.
1316 1711 1385 1764 1.
1428 1584 1819 1791 Nuper
1868 1709 2017 1792 pro
2078 1701 2306 1793 parte
2352 1680 2638 1767 dilecti
2704 1678 2850 1777 filii
2907 1681 3318 1768 Francisci
3373 1684 3731 1770 Romero
3779 1717 3822 1767 a
3879 1684 4183 1768 Sancto
4251 1685 4434 1769 An‘

663 1765 1291 1921 gffgvffijtonio
1342 1801 1647 1884 Fratris
1681 1829 2047 1911 expresse
2101 1798 2481 1911 professi,
2549 1832 2646 1886 ac
2693 1798 3050 1885 Ministri
3103 1800 3639 1890 provincialis
3691 1806 4177 1887 Provinciae
4228 1803 4429 1887 San·

674 1945 823 2011 daci
861 1944 1033 2010 Con-
1063 1921 1175 2005 cti
1227 1916 1523 2003 Didaci
1576 1920 1660 2000 in
1702 1916 2037 2003 Betbica
2078 1919 2419 2003 Ordinis
2469 1924 2895 2007 Minorum
2947 1922 3224 2007 Sancti
3267 1924 3676 2009 francisci
3719 1923 4423 2007 Discalceatorum

672 2034 1027 2125 gregatioui
1068 2063 1520 2153 nuncupat.
1574 2060 1659 2121 et
1722 2035 2121 2123 Praefecti
2174 2040 2628 2153 Apostolici
2664 2039 3156 2126 Missionum
3204 2043 3652 2159 Mequinez
3709 2042 3970 2152 Regni
4019 2040 4433 2129 Marochii

673 2128 1043 2307 {25:232
1067 2159 1701 2269 congregationi
1754 2159 1964 2242 Ven.
2038 2158 2415 2244 Fratrum
2489 2183 2958 2245 nostrorum
3025 2161 3106 2245 S.
3163 2161 3256 2244 R.
3297 2162 3400 2246 E.
3455 2161 4030 2248 cardinalium
4082 2165 4427 2271 negotiis

676 2312 775 2377 nit
832 2275 1654 2394 nem-Propagandae
1708 2274 1941 2361 fidei
2005 2283 2510 2392 praepositae
2555 2282 2974 2392 exposito,
3027 2278 3286 2367 dictas
3318 2281 3752 2368 Missiones
3802 2277 4080 2398 quoad
4127 2292 4430 2393 expen-

684 2404 936 2507 ⁸lt⁸²03¹¹
1070 2430 1196 2485 sas
1244 2402 1329 2482 in
1368 2394 1692 2482 'eisdem
1744 2420 2268 2483 occurrentes
2306 2422 2468 2484 tam
2518 2428 2672 2513 pro
2703 2404 3332 2487 manutentione
3375 2402 4078 2487 Missionariorum
4116 2461 4143 2503 ,
4182 2430 4435 2515 quam

682 2506 1003 2650 ἓξὲξῑῗζ
1076 2519 1307 2635 Regii
1356 2516 1800 2630 Hospitalis
1860 2516 2431 2635 Mequinereci
2483 2521 2896 2604 existentis
2945 2520 3105 2604 sub
3154 2553 3346 2608 cura
3397 2520 3776 2634 ejusdem
3827 2517 4437 2606 Missionisde·

682 2675 1005 2741 „ffirm-
1074 2635 1437 2754 pendere
1493 2641 1935 2750 praecipue
1995 2671 2037 2722 a
2098 2640 2317 2749 regia
2366 2637 2859 2725 liberalitate
2941 2638 3604 2725 charissimorum
3672 2645 3756 2725 in
3817 2639 4152 2722 Christo
4211 2634 4439 2721 fitio-

692 2780 1051 2875 cara-torem
1078 2790 1261 2844 rum
1312 2755 1935 2843 catholicorum
1998 2757 2581 2872 Hispaniarum
2637 2757 3010 2870 Regum,
3076 2764 3218 2877 qui
3270 2766 3436 2874 jam
3500 2794 3543 2846 a
3596 2759 3975 2874 pluribus
4028 2777 4246 2842 retro
4295 2790 4440 2842 an-

686 2859 986 3012 M¹³⁸¹⁰h
1028 2882 1205 2992 ‘nis
1254 2880 1622 2990 copiosas
1699 2878 2264 2989 eleemosynas
2340 2876 2447 2961 ad
2526 2875 2615 2961 id
2675 2874 2872 2964 dare
2937 2905 3536 2968 consueverant
3572 2943 3597 2986 ‚
3667 2878 4202 2964 nihilominus
4264 2880 4440 2991 ipse

692 2971 950 3128 zzffiez.
989 2970 1023 3013 θ
1082 2999 1152 3082 F
1157 3000 1571 3086 ranciscus
1618 2999 2197 3109 experimento·
2233 2995 2728 3102 didiscerat,
2799 2996 3246 3115 aliquando
3295 3023 3791 3086 eventurum
3839 3028 4066 3104 esse,
4136 3021 4232 3081 ut
4283 3000 4442 3081 nisi

1080 3119 1377 3236 aliquis
1456 3116 1907 3225 Religiosus
1969 3114 2166 3202 dicti
2256 3114 2601 3201 Ordinis
2667 3121 2750 3201 iu
2820 3115 3158 3231 Oppido
3207 3119 3519 3205 Matriti
3593 3120 3968 3205 Toletan.
4022 3117 4443 3203 Dioecesis

1084 3241 1447 3341 assistat,
1510 3239 1656 3352 qui
1712 3239 2051 3321 nomine
2121 3238 2667 3342 Provinciae,
2725 3260 2813 3323 et
2874 3240 3363 3324 Missionum
3443 3271 3635 3325 cum
3721 3241 3961 3349 regiis
4046 3237 4442 3321 Ministris

1036 3355 1539 3474 praedictas
1617 3357 2169 3468 eleemosynas
2222 3356 2659 3464 sollicitet,
2746 3360 3012 3477 sitque
3091 3357 3344 3445 iidem
3419 3362 3794 3470 cognitus
3842 3422 3872 3462 ,
3940 3381 4023 3443 et
4097 3376 4371 3467 gratus
4408 3414 4432 3459 ,

1084 3474 1505 3593 praeditae
1554 3476 2119 3590 eleemosynae
2170 3479 2253 3561 in
2309 3498 2484 3561 toto
2519 3539 2544 3582 ,
2603 3478 2741 3562 vel
2793 3482 2878 3562 in
2932 3508 3225 3590 magna
3293 3502 3524 3592 parte
3577 3476 3996 3564 deficiant.
4070 3477 4451 3589 Quapro-

1086 3619 1269 3713 pter
1349 3600 1520 3712 ipse
1599 3597 2111 3682 Franciscus·
2150 3628 2343 3684 cum
2398 3628 2554 3681 suo
2620 3596 3120 3683 Definitorio
3201 3600 3698 3714 prospiciens
3749 3599 3973 3682 bono
4033 3594 4448 3680 dictarum

1091 3748 1506 3801 sacrarum
1571 3716 2071 3803 Missionum
2128 3740 2379 3804 utne
2449 3716 2783 3803 eaedem
2848 3718 3446 3803 detrimentum
3502 3723 3917 3832 patiantur
3988 3716 4444 3828 plurimum

1092 3833 1667 3943 desiderabat,
1722 3838 2015 3923 utsibi
2074 3835 2544 3922 facultatem
2594 3834 3080 3923 instituendi
3130 3839 3215 3922 in
3278 3835 3700 3953 praedicto
3749 3833 4086 3950 Oppido
4136 3835 4449 3919 Matriti

1092 3956 1455 4074 aliquem
1504 3990 1598 4045 ex
1650 3961 1816 4042 suis
1879 3957 2331 4068 Religiosis-
2364 3961 2447 4041 in
2502 3957 3124 4042 Procuratorem
3156 4023 3183 4062 ,
3237 3958 3390 4076 qui
3451 3959 3850 4043 continuo
3901 3951 4213 4039 ibidem
4262 3955 4451 4036 assi-

1091 4100 1313 4159 stens
1343 4141 1366 4184 ,
1422 4075 1876 4189 praedictas
1925 4078 2485 4189 eleemosynas
2533 4079 3022 4181 sollicitare,
3076 4102 3155 4162 et
3195 4075 3556 4161 favorem
3595 4071 4080 4161 eorumdem
4131 4073 4452 4182 Regum

1091 4197 1176 4280 in
1233 4199 1848 4283 necessitatibus
1886 4260 1907 4301 ‚
1941 4219 2024 4281 et
2070 4197 2833 4310 persecutionibus,
2864 4229 3078 4315 quae
3129 4196 3599 4312 frequenter
3646 4196 4013 4281 barbaris
4051 4190 4452 4277 Africanis

1093 4340 1376 4400 contra
1444 4318 2172 4421 illas-excitantur,
2228 4318 2670 4426 implorare
2711 4320 3026 4425 valeat3
3081 4346 3176 4401 ac
3225 4321 3559 4431 insuper
3610 4310 4068 4400 collocandi
4135 4311 4456 4401 dictum

1095 4435 1717 4520 Procuratorem
1785 4468 1977 4520 cum
2031 4441 2249 4521 socio
2299 4437 2419 4519 illi
2472 4434 3073 4546 designandum
3122 4436 3299 4553 (ob
3351 4432 3907 4521 deficientiam
3955 4431 4454 4520 Conventus

1093 4553 1581 4639 Provinciae
1632 4554 2097 4669 praedictae
2150 4560 2233 4639 iu
2285 4553 2758 4671 supradicto
2795 4552 3238 4671 Oppido)
3306 4560 3388 4639 in
3442 4585 3974 4672 quocumque
4025 4583 4122 4639 ex
4192 4555 4454 4638 tribus

1097 4670 1677 4759 Conventibus
1728 4672 2234 4761 diversarum
2289 4676 2909 4761 provinciarum
2968 4673 3310 4759 Ordinis
3361 4671 3731 4786 ejusdem
3791 4665 3867 4757 S.
3903 4672 4315 4759 Francisci
4367 4677 4456 4757 in

1097 4790 1440 4907 Oppido
1489 4792 1964 4907 hujusmodi
2022 4797 2557 4889 existentibus
2593 4858 2616 4901 ,
2684 4825 2933 4911 quem
3003 4797 3173 4907 ipse
3228 4795 3712 4879 franciscus
3765 4790 4257 4907 judicaverit
4317 4824 4458 4906 op-

1094 4916 1659 5028 portuniorem
1712 4911 1817 4999 ad
1870 4913 2369 5028 praedictam
2425 4918 3088 5030 procurationem
3125 4976 3148 5019 ,
3215 4910 3660 4999 accedente
3713 4936 3985 4998 tamen
4027 4942 4460 4998 consensu

1098 5032 1592 5121 dilectorum
1670 5032 2033 5120 filiorum
2108 5037 2563 5149 Superioris
2633 5035 2854 5120 illius
2921 5032 3470 5136 Conventus,
3549 5063 3693 5118 seu
3761 5036 4010 5123 etiam
4095 5032 4464 5119 Ministri

1099 5151 1527 5241 Generalis
1575 5184 1725 5268 pro
1776 5176 2141 5269 tempore
2194 5157 2718 5241 existentium
2786 5151 3328 5262 concederet3
3392 5155 3809 5241 emanavit
3881 5149 3986 5238 ad
4055 5152 4463 5266 supplica·

1096 5276 1406 5360 tionem
1458 5270 1853 5390 praedicti
1912 5274 1979 5356 F
1987 5277 2325 5360 rancisci
2377 5275 2482 5360 ab
2519 5271 2802 5361 eadem
2842 5272 3503 5385 Congregatione
3556 5266 4125 5358 Cat-dinalium
4179 5269 4460 5357 decre·

1097 5416 1280 5480 tum
1331 5396 1633 5480 tenoris
1698 5397 1843 5510 qui
1890 5398 2314 5512 sequitur,
2384 5391 2794 5481 videlicet.

733 5566 1072 5636 Decretum
1214 5513 1281 5615 S.
1328 5544 1403 5599 a.
1475 5515 1924 5601 Decretum
1982 5514 2271 5601 Sacrae
2323 5511 3003 5626 congregationis
3033 5511 3461 5599 Generalis
3514 5508 3619 5598 de
3650 5506 4185 5626 Propaganda
4249 5504 4457 5594 Fide

716 5634 1383 5751 Congrega-habita
1431 5630 1567 5723 die
1618 5637 1698 5743 4.
1739 5634 2095 5750 Augusti
2145 5632 2395 5753 1738.
2451 5664 2504 5718 :
2559 5633 2845 5725 Relato
2905 5666 3051 5753 per
3102 5634 3196 5724 R.
3239 5633 3332 5720 Ρ.
3370 5631 3478 5719 D.
3533 5630 4015 5756 Philippum
4067 5629 4173 5719 de
4225 5628 4474 5719 Mon-.
