4834 6409
415 629 609 685 suae
664 598 890 709 signa
923 658 949 703 ‚
1014 592 1118 679 ab
1175 591 1504 676 Abbate
1555 591 1923 678 consulta
1975 591 2578 679 Monachorum
2630 589 3287 703 Congregatione
3322 656 3351 701 ,
3416 589 3520 679 ad
3584 475 3775 679 {12:-

416 722 763 809 ricatum
798 779 823 827 ,
888 720 1062 805 sive
1110 711 1215 797 ad
1286 733 1587 795 statum
1638 712 2077 801 Laicorum
2130 711 2686 822 designantur.
2756 711 2935 795 Hac
2992 735 3263 797 tamen
3320 717 3402 797 in
3461 742 3546 798 re
3587 743 3778 797 con-

416 840 755 925 scientia
833 838 1085 950 ipsius
1140 829 1490 916 Abbatis
1539 854 1980 938 oneratur,
2025 855 2127 916 ut
2185 835 2575 919 nimirum
2613 897 2642 935 ,
2726 855 2807 927 et
2860 835 3258 919 rationem
3308 830 3781 917 idoneitatis
3842 852 3849 869 ²

418 959 1074 1070 uniuscujusque
1134 948 1485 1053 habeat,
1552 975 1635 1034 et
1681 951 2155 1055 Monasterii
2213 950 2831 1037 necessitatibus
2882 947 2986 1037 de
3036 954 3591 1066 conveniente
3630 960 3783 1035 nu·
3828 963 3835 973 ‘

420 1105 650 1179 mero
700 1071 1235 1179 Sapen-dotum
1275 1131 1300 1175 ‚
1367 1067 1887 1155 Clericorum
1928 1135 1982 1179 ,,.
2031 1094 2113 1154 et
2167 1069 2600 1181 Laicorlum
2658 1070 3053 1155 consulat.
3110 1066 3220 1153 II.
3306 1077 3782 1187 Antequam
3860 1108 3871 1117 ’

418 1224 616 1277 vero
697 1189 1114 1277 Professus
1163 1182 1293 1274 'ad
1344 1198 1680 1272 statum'
1729 1189 2087 1304 aliquem
2148 1187 2743 1273 determinetur
2791 1250 2815 1292 ‚
2872 1219 3190 1302 semper
3240 1214 3567 1275 maneat
3615 1189 3772 1273 sub
3864 1232 3871 1239 ⁴

422 1312 845 1415 custodia,
911 1335 994 1395 et
1050 1340 1240 1393 cura
1312 1306 1620 1391 Vicarii
1697 1308 2098 1417 Abbatis3
2163 1331 2246 1391 et
2308 1330 2713 1422 quantum
2797 1305 3290 1422 fieri-potest
3338 1370 3362 1413 ‚
3445 1307 3775 1395 nullum
3862 1342 3876 1357 ·

421 1435 1009 1537 commercium
1101 1427 1398 1511 habeat
1461 1426 1590 1507 vel
1672 1458 1862 1509 cum
1942 1418 2352 1530 Novitiis‚
2420 1425 2550 1510 vel
2606 1458 2794 1511 cum
2848 1427 3021 1511 aliis
3073 1425 3503 1511 Monachis
3539 1489 3564 1531 ‚
3619 1428 3783 1511 nisi

421 1581 608 1639 cum
689 1550 1077 1663 paribus,
1145 1569 1228 1630 et
1296 1545 1778 1658 aequalibus
1841 1552 2082 1653 suis,‘
2140 1570 2278 1629 aut
2336 1578 2526 1629 cum
2593 1548 2752 1647 iis,
2818 1549 2959 1661 qui
3033 1550 3117 1629 in
3201 1545 3790 1631 eodemmini-
3850 1591 3859 1597 ·

419 1674 711 1776 sterio,
767 1693 909 1755 aut
959 1663 1249 1751 studiis
1313 1661 1602 1776 iisdem
1658 1689 2110 1751 versantur.
2185 1663 2332 1747 111.
2402 1662 2929 1780 Quamquam
2998 1664 3271 1751 autem
3325 1667 3620 1782 aliquis
3670 1666 3779 1761 ab
3853 1704 3861 1711 ·

421 1790 772 1893 Abbate‘
807 1787 910 1871 ad
991 1808 1289 1869 statum
1368 1781 1880 1867 Clericorum
1950 1782 2389 1896 deputatus
2455 1786 2560 1866 sit
2609 1846 2632 1886 .,
2700 1802 2780 1867 et
2852 1780 3257 1868 Ordinem
3332 1787 3577 1869 etiam
3645 1785 3789 1868 ali·

485 1939 674 1992 nem
738 1906 1414 1997 Ecclesiasticum
1478 1905 1944 2016 acceperit,
2010 1903 2413 2011 intelligat
2494 1926 2767 1989 tamen
2804 1964 2831 2006 ,
2895 1899 3013 1984 ad‘
3063 1905 3539 1991 ulteriorem
3614 1936 3789 2015 gra-

361 2068 368 2073 ·
421 1939 627 2110 ilum
673 2027 828 2110 sibi
869 2022 1191 2109 aditum
1247 2051 1768 2136 nequaquam
1827 2044 2138 2134 patere,
2192 2025 2342 2137 nisi
2409 2022 2649 2105 illum
2701 2021 2942 2104 bonis
2983 2023 3519 2129 moribuS‚et
3569 2055 3788 2108 com·
3850 2056 3855 2059 ’

423 2169 696 2256 parata
752 2177 846 2229 ex
895 2140 1186 2247 studiis¹
1248 2142 1581 2251 scientia
1640 2144 2202 2253 promeruerit.
2275 2141 2623 2225 Abbatis
2692 2143 2989 2250 igitur,
3059 2165 3140 2225 et
3203 2140 3790 2253 Congregatio-

425 2266 556 2347 nis
612 2260 1215 2346 Monachorum
1293 2259 1627 2343 arbitrio
1695 2256 2246 2376 relinquitur,
2315 2283 2405 2340 nt
2486 2264 2756 2374 ipsum
2834 2258 2941 2340 ab
3007 2259 3392 2343 ulteriore
3466 2261 3788 2346 Ordine

426 2379 908 2493 accipiendo
941 2442 965 2487 ‚
1018 2379 1121 2493 ad
1174 2402 1554 2490 tempus,
1590 2379 1719 2465 vel
1771 2383 2040 2493 etiam.
2071 2401 2466 2489 perpetuo
2519 2399 2908 2489 arceant3
2962 2375 3215 2495 idque
3261 2382 3778 2495 potissimum

365 2603 383 2612 ἡ
427 2498 536 2589 de
587 2490 1320 2584 Ordinibus'infra
1384 2498 1935 2609 Diaconatum
2019 2493 2645 2613 intelligendum
2734 2518 2905 2578 est:
2984 2525 3170 2601 nam
3249 2500 3388 2611 qui
3449 2502 3782 2584 servatis

427 2618 850 2706 servandis
901 2615 1002 2700 ad
1040 2616 1600 2702 Diaconatum
1655 2638 2073 2728 promotus
2125 2638 2296 2729 est,
2367 2618 2525 2729 isa
2580 2610 3053 2699 Sacerdotio
3104 2613 3586 2726 accipiendo
3638 2620 3792 2701 nisi

427 2740 999 2847 urgentissima
1053 2733 1157 2819 de
1211 2766 1447 2827 causa
1490 2796 1516 2837 ,
1598 2764 2126 2849 nequaquam
2189 2755 2728 2819 removeatur.
2774 2730 2939 2851 JV.
3023 2732 3205 2814 Pari
3270 2736 3585 2819 ratione
3647 2738 3791 2851 qui

432 2856 577 2940 diu
636 2862 714 2943 in
773 2857 1225 2963 ministerio
1284 2851 1715 2965 Laicorum
1772 2851 2159 2955 deserv'iit
2193 2915 2215 2948 ,
2253 2855 2319 2969 si
2363 2849 2707 2935 idoneus
2758 2877 3032 2959 postea
3099 2872 3466 2960 repertus
3517 2846 3790 2959 fuerit,

431 2998 701 3087 potest
752 2975 856 3055 ab
908 2971 1291 3074 Abbate,
1333 2996 1454 3055 ·et
1530 2970 2129 3057 Monachorum
2195 2971 2852 3082 Congregatione
2923 2966 3022 3083 ad
3103 2967 3462 3054 Ordines
3547 2976 3792 3059 etiam

436 3097 782 3203 majores
841 3092 1353 3201 promoveri3
1409 3082 1862 3195 dummodo
1929 3113 2194 3205 tamen
2237 3152 2259 3192 ,
2330 3113 2754 3203 postquam
2838 3088 2940 3170 ab
2998 3082 3338 3173 'Abbate
3398 3087 3497 3171 ad
3554 3092 3794 3172 mini-

438 3214 775 3297 sterium
848 3208 1127 3291 laicale
1189 3205 1564 3293 addictus
1619 3232 1796 3315 est,
1852 3239 1999 3293 nec
2065 3209 2334 3295 literas
2391 3204 2833 3311 didicerit,
2921 3239 3071 3291 nec
3130 3206 3380 3290 libros
3446 3206 3790 3318 legerit,

421 3332 586 3417 nisi
658 3332 838 3441 ipso
898 3326 1303 3411 consulto.

1653 3378 2553 3533 ..cA.i³.1v'.'

1193 3687 1330 3768 De
1388 3683 1739 3771 Clericis
1801 3680 2316 3779 studentibus
2354 3745 2380 3789 ,
2431 3703 2511 3766 et
2562 3689 3047 3804 ..Magistra

554 3924 619 4006 Ι.
689 3926 953 4008 Nemo
1005 3917 1108 4007 ad
1163 3921 1538 4009 ordinem
1590 3921 2255 4037 Ecclesiasticum
2310 3938 2884 4035 promoveatur
2926 3987 2949 4023 ,
3012 3923 3162 4005 nisi
3214 3945 3474 4013 aetate
3524 3930 3604 4010 in
3662 3928 3798 4012 Sa-

437 4042 592 4127 cris
660 4043 1054 4125 Conciliis
1110 4045 1658 4152 praescripta,
1721 4062 1864 4127 aut
1946 4037 2552 4153 dispensatione
2614 4076 2660 4125 a
2740 4043 3103 4153 legitimo
3157 4042 3588 4153 Superiore
3656 4048 3802 4128 ob-

441 4182 658 4245 tenta
698 4220 722 4263 ,
759 4183 852 4243 et
898 4157 1376 4257 delicentia
1429 4160 2102 4268 Congregationis
2153 4159 2749 4245 Monachorum
2792 4224 2817 4267 ‚
2887 4184 3143 4278 ‚atque
3201 4160 3541 4247 Abbatis
3578 4227 3601 4266 ‚
3657 4169 3800 4281 qui

437 4275 991 4360 ordinandum
1050 4307 1238 4360 cum
1297 4278 1545 4363 literis
1597 4280 2282 4363 testimonialibus
2321 4278 2423 4362 ad
2478 4280 2982 4394 Episcopum
3040 4280 3248 4378 loci,
3303 4305 3443 4363 aut
3490 4280 3593 4366 ad
3649 4282 3800 4365 Re-

435 4393 1121 4481 verendissin·1um
1185 4396 1641 4481 Dominum
1698 4392 2243 4481 patriarcham
2300 4401 2622 4483 mittere
2674 4395 2973 4502 debet,
3014 4401 3313 4483 tenoris
3364 4406 3798 4515 sequentis.

559 4512 1291 4618 Reverendissime‚
1360 4537 1442 4599 et
1497 4515 2118 4621 Religiosissime
2165 4512 2528 4600 Domine
2579 4516 2986 4631 Episcope
3038 4515 3415 4602 Civitatis
3452 4519 3604 4625 Ν..
3658 4546 3799 4605 aut

413 4634 909 4725 ‚Beatissime
963 4622 1426 4719 Patrius-cha
1484 4657 1757 4717 noster
1824 4632 2185 4719 Domine
2235 4635 2394 4738 N.‚
2437 4635 2607 4721 Nos
2671 4635 2986 4735 Abbas‚
3050 4660 3132 4723 et
3208 4635 3806 4725 Monachior-

440 4753 653 4835 dinis
697 4754 773 4835 S.
825 4756 1161 4859 Antonii
1218 4753 1889 4869 Congregationis
1929 4752 2267 4843 S.lsaiae
2320 4754 2789 4838 Monasterii
2825 4754 2923 4837 N.
2964 4777 3351 4839 testamur
3402 4756 3806 4843 Reveren-

441 4868 638 4955 dum
700 4871 1021 4956 Patrem
1075 4873 1179 4954 N.
1237 4871 1737 4989 Monachum
1791 4870 2240 4985 professum
2313 4865 2941 4985 nostri-Ordinis
2993 4879 3072 4956 in
3146 4874 3808 4991 legitimaaetate
3918 4896 3927 4903 '

443 4992 980 5073 coustitutum
1015 5052 1038 5093 ‚
1106 4992 1235 5073 vel
1288 4990 1973 5107 dispensationem
2028 4998 2306 5077 aetatis
2372 4992 2506 5078 bic
2556 5023 2950 5079 annexam
3003 4991 3445 5078 habentem
3501 5019 3582 5080 et
3645 4994 3808 5079 suf-

439 5106 750 5193 ficienti
809 5106 1176 5191 doctrina
1212 5173 1235 5214 ‚
1297 5110 1707 5229 bonisque
1759 5113 2125 5195 moribus
2177 5111 2637 5227 praeditum
2678 5177 2707 5217 ,
2770 5110 3169 5229 nulloque
3222 5110 3812 5227 impedimento

441 5227 845 5311 irretitum
886 5289 910 5332 ‚
979 5224 1320 5337 dignum
1374 5260 1595 5345 esse,
1649 5234 1791 5345 qni
1847 5228 2166 5323 Ordine
2217 5231 2320 5325 N.
2377 5266 2416 5315 a
2475 5222 3176 5319 Reverendissima
3229 5229 3813 5319 Dominatione

442 5368 577 5433 tua
622 5408 644 5450 ,
715 5344 842 5439 περὶ
893 5378 936 5449 a
1003 5342 1522 5435 Beatitudine
1560 5372 1701 5434 tua
1772 5353 2158 5465 accipiat..
2212 5349 2777 5461 Quamobrem
2858 5349 3002 5435 has
3065 5352 3137 5433 ei
3220 5349 3485 5436 literas
3538 5376 3815 5465 paten-

444 5492 558 5550 tes
630 5461 1010 5553 dedimus
1087 5468 1354 5579 sigillo
1417 5468 1888 5575 Monasterii
1957 5474 2204 5571 nostri
2273 5472 2682 5575 munitas,
2760 5492 2842 5555 et
2904 5468 3504 5578 subscriptione
3569 5476 3821 5557 nostri

437 5584 797 5671 Abbatis
854 5578 1294 5695 firmatas„'
1338 5582 1473 5675 die
1535 5587 1636 5672 N.
1697 5618 1973 5675 mense
2023 5584 2126 5713 N.
2181 5620 2399 5703 anno
2448 5586 2554 5673 N.
2614 5588 2837 5674 Loco
2892 5584 2995 5690 ᾖ(
3039 5587 3324 5696 sigini,
3375 5586 3480 5673 N.
3535 5584 3821 5685 Abbas

621 5692 632 5705 ¹
712 5700 1072 5790 TomJJ.
1243 5832 1252 5839 ·
1983 5786 1994 5790 ,
2784 5704 2866 5790 'S
2889 5743 2923 5791 s
