4834 6409
736 2671 975 2737 Preces

657 2763 948 2857 Magistri

661 2855 819 2918 Gen.
863 2903 879 2931 ,
925 2869 989 2921 et

664 2968 896 3011 causae

662 3037 942 3104 Conces-

663 3129 875 3197 sionis.

1052 527 1099 580 2

1049 497 1399 700 alitor-ius
1457 605 1927 699 fundendas
1993 607 2438 700 ex'citmnus
2475 666 2500 713 ,
2563 626 2662 715 ut
2736 605 2969 725 quod
3050 610 3324 722 coepit
3393 636 3606 723 opus
3689 605 4410 701 Clementissimus
4481 659 4490 666 ·

1044 732 1516 839 Dominus,
1581 735 1753 849 ipse
1801 727 2233 846 perficiat3
2299 756 2663 847 cumque
2713 730 2852 814 illa
2917 731 3088 847 ipsa
3154 729 3344 837 die,
3409 761 3574 848 qua
3642 734 4193 822 anniversaria
4241 735 4425 822 Do·

1045 855 1398 942 minicae
1451 853 2049 941 Incarnationis
2097 849 2935 960 memoria.recolitur
2963 915 2996 956 ,
3046 881 3364 967 nempe,
3394 852 3784 960 vigesima
3834 856 4127 971 quinta
4177 886 4420 944 men-

1042 978 1155 1061 sis
1217 973 1550 1083 Martii,
1618 1004 1933 1060 novum
1994 970 2156 1058 hoc
2217 969 2921 1079 Evangelicorum
3004 973 3521 1060 Praeconum
3606 1001 3899 1083 agmen
3970 1006 4138 1061 una
4215 1008 4417 1063 cum

1042 1127 1196 1182 suo
1243 1097 1486 1182 Duce
1556 1126 1679 1181 ex.
1712 1090 2344 1209 Ulyssiponensi
2410 1091 2729 1178 littore.
2768 1091 3156 1201 solverit,
3226 1094 3435 1179 tanti
3495 1091 3872 1205 Mysterii
3921 1090 4181 1182 fidem
4220 1159 4246 1204 ,
4315 1128 4414 1185 ac

1041 1213 1412 1302 fructum
1477 1214 1775 1303 inferat
1823 1214 2208 1325 gentibus
2270 1210 2895 1298 ambulantibus
2960 1215 3048 1297 in
3111 1213 3476 1301 ‘tenebris
3524 1274 3550 1319 ,
3616 1233 3701 1299 et
3759 1216 4410 1329 auspicatissimo

1042 1336 1567 1426 Beatissimae
1624 1336 1980 1447 Virginis
2038 1331 2378 1430 nomine
2408 1361 2634 1431 -vera
2685 1333 2912 1432 ‚salus
2968 1335 3230 1449 aegris
3259 1391 3308 1444 ,ι
3355 1330 3846 1449 asper-ditis
3893 1336 4223 1453 populis
4272 1369 4426 1423 an·

1045 1480 1521 1554 nunctetur.
1592 1476 1600 1482 “
1996 1511 2003 1520 -
2168 1541 2179 1548 ,
2935 1547 2952 1570 .
3051 1535 3106 1554 ,.
3393 1513 3460 1526 ‚.
3535 1517 3544 1522 -

1054 1697 1568 1785 Conceditur
1592 1701 2049 1818 .Magistro
2091 1699 2314 1792 Gen..
2394 1700 2746 1792 Ordinis
2814 1671 3524 1802 Praedicatqmm
3577 1697 3976 1818 facultas
4052 1700 4441 1819 erigendi

1167 1826 1261 1904 in
1309 1823 1377 1907 S
1374 1826 1541 1904 inis
1609 1826 1700 1904 in
1747 1821 2033 1906 eodem
2108 1821 2286 1907 loco
2337 1822 2700 1909 alteram
2783 1822 3590 1940 Cofflaternitatem
3672 1821 3821 1908 SS..
3889 1823 4192 1912 Rosari
4192 1829 4228 1908 i
4267 1853 4425 1939 pro

1168 1941 1669 2028 mulieribus
1718 1973 1914 2028 cum
1963 1943 2235 2031 solitis
2278 1941 2906 2065 ,Indulgentt‘is'.

1568 2165 2702 2368 :ctesilaus
2819 2182 3386 2309 PAPA
3521 2093 3782 2297 xi.

2037 2433 2203 2524 Ad·
2239 2432 2655 2552 futuram
2700 2435 2834 2517 rea·
2877 2436 3404 2586 memet-iam.

1173 2582 1874 2788 Exponi'nobis
1925 2707 2192 2790 nuper
2239 2675 2438 2766 fecit
2485 2672 2840 2766 dilectus
2892 2675 3155 2762 Filius
3218 2674 3697 2760 Antoninus
3786 2669 4104 2760 Cloche
4153 2671 4417 2785 Magi-

1046 2815 1210 2891 ster
1260 2794 1690 2881 Generalis
1756 2794 2098 2882 Ordinis
2150 2798 2534 2886 fratrum
2614 2795 3288 2884 Praedicatorum
3356 2791 3588 2913 quod
3638 2825 3829 2879 cum
3897 2797 3977 2876 in
4034 2796 4425 2890 Sinarum

1049 2912 1350 3026 Regnis
1414 2916 1911 3000 inviolabilis
1976 2948 2154 3004 mos
2214 2920 2490 3026 vigeat
2535 2979 2562 3022 ,
2629 2914 2856 3034 quod
2912 2916 3337 3004 Ecclesiae
3388 2914 3697 2999 Christi
3750 2911 4122 3000 fidelium
4157 2977 4181 3020 ,
4251 2937 4420 2999 tam

1046 3042 1429 3150 respectu
1481 3039 1737 3141 situs,
1800 3049 2067 3155 quam
2143 3036 2595 3130 Mulierum
2636 3099 2660 3140 ,
2727 3038 2944 3124 inter
3007 3068 3143 3123 eas
3178 3099 3204 3144 ,
3260 3059 3343 3122 et
3391 3037 3636 3123 Viros
3721 3032 4338 3145 distinguantur
4391 3101 4421 3139 ‚

1044 3158 1153 3240 ita
1199 3177 1292 3240 ut
1343 3188 1496 3242 nec
1530 3157 1727 3243 JV-iri
1777 3156 1885 3242 ad
1933 3154 2411 3246 earumdem
2465 3157 2920 3242 Mulierum
2970 3156 3427 3264 EcclesiaS,
3475 3186 3651 3244 ,nec
3710 3153 4179 3269 praedictae
4231 3153 4428 3237 Mu·

1044 3276 1284 3363 lieres
1335 3275 1439 3362 ad
1493 3278 1670 3365 illas
1739 3279 2131 3376 Virorum
2182 3275 2574 3368 accedere
2624 3278 3009 3383 valeant,
3050 3281 3222 3391 ipse
3273 3279 3749 3362 Antoninus
3815 3275 4204 3385 Magister
4251 3272 4418 3361 Ge·

1042 3399 1573 3504 neraliS,·ne
1633 3400 2029 3485 Mulieres
2095 3396 2576 3511 hujusmodi
2644 3432 2684 3484 a
2751 3401 3377 3513 participatione
3441 3393 4163 3506 Indulgentiarum
4218 3392 4423 3480 San-

1043 3519 1387 3606 ctissimi
1435 3518 1747 3605 Rosarii
1784 3584 1808 3628 ,
1874 3524 2116 3635 cujus
2167 3517 2908 3607 Confraternitates
2958 3521 3043 3603 in
3097 3519 3495 3612 Ecclesiis
3545 3515 3938 3600 Virorum
3991 3519 4189 3626 erigi
4244 3574 4270 3619 ,
4325 3508 4420 3634 ilf-

1045 3639 1486 3757 latumque
1536 3645 1839 3728 erectio
1892 3675 1933 3727 a
1982 3640 2750 3730 Constitutionibus
2816 3640 3312 3753 Apostolicis
3374 3643 3457 3724 in
3539 3666 3703 3721 una
3775 3637 4199 3724 dumtaxat
4262 3636 4426 3722 Ec-

948 3817 964 3827 ·
1041 3758 1285 3845 clesia
1335 3763 1782 3875 cujuslibet
1828 3763 2207 3848 Civitatis
2270 3763 2637 3876 permitti
2689 3760 2957 3858 solent
2994 3821 3017 3864 ,
3070 3758 3671 3863 excludantur,
3740 3756 4071 3847 easdem
4124 3756 4417 3843 Indul-

1042 3881 1354 3991 gentias
1402 3884 1648 3967 etiam
1716 3881 2285 3969 ad·Ecclesias
2348 3879 2961 3996 praedictarum
3027 3882 3481 3979 Mulierum
3523 3942 3547 3985 ,
3616 3908 3971 3995 quarum
4042 3881 4423 3966 non-mi·

1009 4030 1200 4088 ‚nor
1262 4023 1384 4087 est
1426 4033 1617 4114 erga
1682 4003 1908 4092 idem
1972 4003 2597 4092 Sanctissimum
2676 4001 3114 4088 Rosarium
3172 4000 3570 4106 devotio,
3637 3998 4416 4116 perNos2exteudi

1042 4120 1502 4236 plu-timum
1553 4122 2013 4212 desiderat:
2086 4121 2350 4212 Nobis
2404 4145 2828 4238 propterea
2882 4119 3308 4210 humiliter
3369 4149 3464 4206 su
3532 4119 3813 4235 plicari
3864 4118 4112 4224 fecit,
4149 4144 4281 4205 -ut
4314 4123 4418 4208 in

928 4329 937 4338 ,
1043 4245 1505 4357 praemissis
1590 4271 2053 4361 opportune
2101 4240 2591 4358 providere,
2659 4264 2743 4330 et
2794 4261 2891 4326 ut
2951 4239 3162 4332 infra
3240 4238 3449 4335 indu
3483 4270 3675 4354 gere
3736 4238 3844 4326 de
3890 4239 4407 4351 benignitate

1048 4363 1529 4478 Apostolica
1583 4363 2141 4476 dignaremur.
2655 4411 2690 4432 ··
3051 4417 3058 4424 -
3739 4413 3756 4436 .
3967 4405 4040 4436 «ι.

659 4505 1000 4577 Concessio
1114 4483 1119 4488 ⁴
1169 4480 1238 4584 S.
1314 4516 1383 4569 1.
1455 4484 1642 4570 Nos.
1690 4489 1942 4600 igitur
2002 4494 2270 4603 ipsum
2349 4481 2877 4571 Antoninum
2925 4482 3429 4596 Magistrum·
3480 4482 3980 4574 Generalem
4049 4481 4419 4602 speciali·

669 4695 769 4758 tis.

659 4602 720 4666 d·
760 4599 1210 4687 facona-bus
1263 4599 1680 4692 favoribus
1712 4670 1736 4713 ,
1801 4631 1884 4695 et
1933 4608 2642 4723 gratiis.prosequi
2698 4607 3127 4710 volentes,
3196 4626 3278 4691 et
3338 4637 3383 4695 a
3440 4605 3877 4723 quibusvis
3939 4629 4415 4704 excommu-

1038 4725 1487 4811 nicationis
1520 4791 1547 4834 ,
1601 4733 2199 4843 suspensionis,
2250 4752 2336 4816 et
2388 4724 2820 4813 Interdicti
2846 4790 2877 4829 ,
2915 4726 3256 4843 aliisque
3305 4724 3905 4811 Ecclesiasticis
3954 4723 4410 4829 sententiis,

1053 4849 1417 4932 censuris
1453 4912 1482 4951 ‚
1536 4871 1618 4934 et
1665 4853 1955 4964 poenis
2005 4886 2047 4936 a
2099 4855 2282 4966 jure
2333 4846 2471 4942 vel
2521 4846 2627 4936 ab
2689 4844 3029 4936 homine
3089 4848 3377 4964 quavis
3427 4849 3934 4952 occasione,r
3992 4844 4123 4934 vel
4175 4860 4423 4932 causa

1048 4965 1234 5051 latis
1262 5007 1297 5071 5
1344 4972 1408 5052 si
1472 4969 1778 5087 quibus
1826 4970 2465 5090 quomodolibet
2511 4965 2959 5052 innodatus
3021 4970 3287 5052 existit
3321 5029 3345 5072 ,
3390 4962 3519 5050 ad
3582 4964 3976 5054 effectum
4044 4995 4427 5079 praesen·

1052 5086 1738 5178 tiumdumtaxat
1788 5088 2518 5212 consequendum,
2586 5086 2884 5174 harum
2930 5091 3142 5175 serie
3190 5085 3772 5194 absolventes,
3818 5109 3902 5172 et
3952 5084 4425 5172 absolutum
4502 5104 4506 5108 ’

1034 5204 1227 5292 'fore
1279 5231 1707 5297 censentes
1742 5274 1775 5315 ,
1825 5209 2305 5327 hujusmodi
2354 5207 3102 5324 supplicationibus
3152 5208 3522 5306 inclinati
3554 5271 3579 5316 ,
3611 5206 3742 5295 'de
3788 5207 4422 5296 Venerabilium

1057 5325 1440 5416 Fratrum
1504 5355 1969 5417 nostrorum
2025 5337 2104 5419 S.
2163 5334 2256 5418 R.
2344 5327 3417 5424 Ecclesiae‘Cardinalium
3499 5329 3861 5426 Consilii
3946 5325 4423 5414 Tridentini

1021 5444 1610 5560 -Interpretum
1666 5455 2063 5560 consilio,
2116 5454 2393 5542 eidem
2448 5453 2882 5538 Antonino
2931 5451 3322 5565 Magistro
3364 5449 3753 5538 Generali
3783 5513 3813 5554 ,
3863 5480 3957 5536 ac
3989 5450 4070 5534 ei
4100 5509 4124 5553 ,
4165 5475 4420 5565 quem

1028 5567 1228 5679 :ipse
1294 5573 1380 5653 in
1443 5573 1603 5657 illis
1668 5574 2176 5685 Regionibus
2228 5572 2783 5686 delegaverit,
2847 5567 3326 5664 facultatem
3376 5567 3748 5681 erigendi
3802 5571 3884 5655 in
3950 5565 4248 5656 eodem
4296 5567 4423 5650 'lo-

1041 5717 1151 5773 ·co
1218 5719 1464 5777 unam
1517 5725 1670 5808 pro
1721 5696 1995 5806 Viris,
2060 5720 2144 5785 et
2194 5696 2532 5784 alteram
2599 5725 2753 5810 pro
2821 5694 3328 5788 Mulieribus
3378 5688 4162 5781 confraternitatem
4232 5688 4434 5775 San-
