4834 6409
1046 451 1155 552 14

1033 562 1197 649 bus
1226 611 1257 668 ·,
1316 580 1409 649 et
1456 551 2145 645 ordinationibus
2194 553 2687 672 Apostolicis
2723 618 2747 664 ,
2813 586 3142 646 necnon
3193 555 3805 672 praedictorum
3842 561 4208 654 Ordinis¹
4230 628 4261 668 ,
4315 587 4426 660 ,et

1037 681 1717 795 Congregationis
1767 683 2013 766 etiam
2065 683 2587 794 juramento,
2647 677 3278 767 confirmatione
3355 682 3793 795 apostolica
3831 747 3854 793 ,
3918 688 4056 773 vel
4117 688 4424 804 quavis.

1038 800 1427 891 firmitate
1493 800 1646 886 alia
1700 800 2098 885 roboratis
2137 803 2512 906 statutis,
2572 822 2663 887 et
2711 796 3493 907 consuetudinibus,
3546 804 3993 917 privilegiis
4045 837 4414 926 quoque,

1040 924 1390 1012 indultis
1419 985 1445 1029 ,
1509 943 1593 1007 et
1642 920 1942 1007 Literis
1981 921 2486 1034 -Apostolicis
2525 919 2691 1006 sub
2805 922 3413 1038 uibuscumque
3450 924 3894 1010 verborum
3953 928 4412 1036 tenoribus,

1036 1061 1145 1132 et'
1175 1043 1458 1132 formis
1487 1105 1511 1147 ,
1573 1073 1671 1130 ac
1718 1072 1913 1130 cum
1970 1041 2403 1160 quibusvis
2445 1043 2697 1128 etiam
2735 953 3445 1153 gerogatoriarum
3482 1042 4039 1156 derogatoriis,
4070 1047 4422 1167 aliisque

1036 1163 1690 1268 efficacioribus,
1755 1158 2395 1268 efficacissimis,
2452 1185 2536 1247 et
2585 1162 2931 1248 insolitis
2977 1162 3404 1269 clausulis,
3472 1166 4153 1285 irritantibusque
4202 1153 4266 1274 ,⁹
4320 1189 4407 1254 et

1035 1287 1214 1372 aliis
1262 1283 1613 1371 decretis
1666 1287 1748 1366 in
1798 1312 2101 1391 genere
2136 1345 2166 1385 ,
2219 1283 2355 1368 vel
2404 1282 2494 1365 in
2543 1285 2816 1396 specie
2851 1344 2876 1389 ,
2944 1312 3040 1369 ac
3092 1283 3286 1366 alias
3335 1284 3424 1368 in
3476 1287 3980 1372 contrarium
4019 1290 4414 1398 praemis·

1035 1399 1993 1522 sorumquomodolibet
2043 1404 2447 1489 concessis
2483 1464 2509 1505 ,
2576 1399 3080 1488 confirmatis
3113 1462 3138 1504 ‚
3205 1425 3290 1489 et
3337 1404 3770 1492 innovatis.
3843 1405 4178 1514 Quibus
4228 1437 4406 1494 om·-

1038 1527 1288 1610 nibus
1338 1587 1362 1630 ,
1427 1546 1512 1609 et
1560 1524 1898 1633 singulis
1934 1584 1959 1628 ,
2034 1525 2350 1609 etiamsi
2403 1553 2555 1635 pro
2616 1522 2948 1607 illorum
2997 1518 3445 1609 sufficienti
3496 1522 4021 1635 derogatione
4069 1515 4186 1616 de·
4225 1528 4415 1634 iuis,

1038 1675 1499 1764 eorumque
1551 1648 1740 1730 totis
1788 1643 2216 1728 tenoribus
2268 1642 2695 1758 specialis,
2743 1639 3153 1756 specifica,
3211 1672 3578 1756 expressa
3615 1705 3640 1750 ,
3695 1668 3778 1730 et
3805 1641 4269 1754 individua,
4320 1678 4417 1733 ac

1038 1764 1161 1853 de·
1190 1767 1449 1855 verbo
1497 1762 1604 1849 ad
1655 1765 2006 1852 verbum
2037 1826 2060 1869 ,
2115 1794 2282 1848 non
2334 1785 2614 1849 autem
2661 1792 2810 1874 per
2876 1761 3283 1848 clausulas
3337 1764 3757 1874 generales
3826 1762 4046 1851 idem
4110 1768 4415 1882 impor-

1032 1910 1300 1974 tantes
1352 1888 1718 1990 mentio,
1772 1915 1917 1970 seu
1969 1887 2306 2002 quaevis
2355 1883 2510 1967 alia
2561 1884 2964 1995 expressio
3014 1880 3461 1989 habenda,
3536 1908 3681 1970 aut
3748 1884 4024 2003 aliqua
4075 1886 4232 1971 alia
4283 1918 4421 1974 ex·

1040 2010 1343 2124 quisita
1391 2002 1655 2091 forma
1706 2003 1810 2090 ad
1862 2004 2019 2089 hoc
2068 2001 2465 2091 servanda
2519 2000 2789 2109 foret,
2874 2026 3195 2092 tenores
3244 2001 3788 2115 hujusmodi,
3841 2036 3935 2090 ac
3988 2007 4054 2088 si
4091 2003 4199 2092 de
4230 2036 4417 2092 ver-

1035 2127 1150 2212 bo
1198 2124 1306 2213 ad
1354 2127 1707 2213 verbum
1743 2188 1768 2230 ‚
1822 2125 2031 2210 nihil
2085 2127 2417 2239 penitus
2467 2126 2765 2208 omisso
2800 2186 2824 2229 ,
2880 2150 2962 2209 et
2990 2121 3253 2208 forma
3292 2126 3375 2207 in
3432 2124 3595 2208 illis
3649 2120 3944 2209 tradita
3982 2125 4413 2213 observata

1034 2249 1691 2361 exprimerentur
1722 2308 1745 2351 ,
1812 2269 1894 2332 et
1933 2249 2489 2332 insererentur
2521 2306 2545 2350 ,
2601 2244 3167 2357 praesentibus
3222 2272 3368 2355 pro
3418 2244 3714 2357 plene,
3771 2266 3857 2328 et
3905 2242 4417 2332 sufficienter

1034 2367 1427 2479 expressis
1464 2428 1489 2472 ,
1544 2369 2000 2453 et·insertis
2052 2360 2450 2451 habentes
2498 2428 2522 2468 ,
2605 2365 2764 2448 illis
2815 2363 3010 2448 alias
3076 2364 3161 2446 in
3213 2391 3364 2447 suo
3418 2361 3711 2450 robore
3777 2368 4334 2475 permansuris
4380 2429 4406 2472 ,

1041 2484 1147 2572 ad
1196 2489 1831 2600 praemissorum
1879 2482 2275 2572 effectum
2325 2483 2714 2570 hac‘vice
2781 2480 3210 2570 dumtaxat
3246 2482 3733 2598 specialiter
3765 2542 3792 2586 ,
3875 2506 3958 2569 et
4041 2516 4412 2599 expresse

1024 2602 1577 2717 derogamus,
1666 2609 2178 2723 caeterisque
2222 2606 2657 2696 contrariis
2693 2603 3388 2722 quibuscumque.

1155 2726 1471 2811 Datum
1527 2727 1836 2811 Romae
1887 2724 2112 2840 apud
2165 2726 2551 2811 Sanctam
2602 2723 2956 2807 Mariam
3009 2724 3414 2835 Majorem
3464 2723 3621 2808 sub
3674 2722 4018 2808 Annulo
4052 2723 4413 2810 Piscato-

1045 2849 1217 2985 ris,
1297 2843 1436 2931 die
1502 2847 1741 2932 VIII.
1821 2841 2921 2936 Novembris-MDCCXX.
3004 2840 3538 2928 Pentificatus
3613 2847 3868 2960 nostri
3947 2845 4198 2928 Anno
4256 2842 4408 2930 Vi-

1041 2993 1372 3111 gqmmo·
2853 3084 2959 3170 F.
2993 3021 3510 3167 ’Cardinalis
3556 3035 3998 3167 Oliverius.

1049 3452 1362 3540 Visum
1410 3468 1530 3536 est
1581 3463 2143 3564 opportunum·
2172 3481 2337 3537 non
2383 3455 2768 3535 omittere
2813 3479 3033 3566 quae
3073 3445 3458 3534 Clemens
3517 3445 3681 3532 XI.
3735 3448 3993 3564 gessit
4041 3440 4162 3526 ad
4202 3465 4425 3528 com-

1156 3570 1544 3684 ponenda
1602 3569 1960 3657 dissidia
2008 3589 2316 3656 exorta
2360 3576 2461 3654 in
2506 3573 2734 3656 Sinis
2785 3632 2809 3675 ,
2851 3568 3236 3687 -aliisqae
3274 3568 3692 3679 finitimis
3780 3563 4230 3650 Indiarum
4306 3567 4421 3651 O-

1161 3691 1653 3775 rientalium
1712 3696 2032 3809 Regnis
2099 3694 2317 3773 inter
2383 3691 3006 3777 Missionarios.
3088 3685 3594 3803 Refer-untur
3659 3690 3924 3804 igitur
3992 3684 4132 3767 hic
4192 3683 4414 3768 allo-

1164 3816 1605 3929 quutiones
1653 3815 1743 3894 in
1785 3812 2670 3896 Consz‘storio·hab1'tas
2701 3829 2775 3893 -a
2823 3825 3279 3897 memorato
3311 3805 3741 3922 Pontifice
3788 3803 3891 3892 de
3935 3835 4034 3889 eo
4082 3809 4410 3922 negotio

1152 3935 1651 4044 praesertim
1682 3927 1802 4015 -de
1848 3927 2382 4046 expeditione
2431 3931 2740 4049 Legati
2786 3964 2841 4018 a
2894 3934 3195 4019 Latere
3255 3934 3380 4014 in·
3409 3928 3689 4013 Sinas.
3811 3995 3820 4004 .

1829 4170 2622 4283 ALLOQUUTIO
2683 4101 3363 4256 CLEMENTis
3411 4167 3568 4253 xt.

1426 4391 1731 4552 Habita
1798 4415 1883 4499 in
1952 4412 2461 4503 consistorio
2521 4429 2834 4502 secreto
2891 4409 3026 4497 die
3078 4408 3155 4496 5.
3211 4409 3699 4499 Decembris
3769 4434 4018 4523 1701.

2254 4648 3202 4746 ARGUMENTUM.
3333 4707 3340 4714 .

1054 4888 1594 4975 Christianae
1641 4887 2101 5012 Religionis
2150 4911 2378 4984 statu
2438 4899 2530 4981 in
2592 4897 3049 5000 Sinarum‘,
3114 4909 3196 4980 et
3244 4889 3441 4982 aliis
3464 4897 3879 5013 finitimis
3963 4888 4410 4982 Indiarum

1172 5011 1740 5098 Orientalium
1792 5021 2097 5134 Regnis
2146 5022 2534 5133 exposito
2557 5079 2587 5123 ‚
2650 5022 3138 5134 exortisque
3188 5046 3455 5131 nuper
3506 5022 3724 5104 inter
3804 5012 3925 5104 M
3924 5014 4409 5097 issionarios

1066 5139 1073 5148 '
1166 5131 1693 5245 Apostolicos
1746 5131 2094 5222 illarum
2147 5144 2533 5253 partium
2580 5136 2960 5224 dissidiis
3039 5141 3708 5224 commemoratis
3746 5196 3771 5242 ,
3837 5133 4046 5220 DD.
4118 5125 4421 5215 Cardi-

1008 5261 1017 5268 “
1120 5251 1505 5339 Δπιαῖὶὂιιε
1560 5261 1953 5365 proponit
2011 5271 2489 5373 susceptum
2549 5275 2612 5344 a'
2649 5260 3121 5347 Sanctitate
3167 5283 3325 5345 saa
3371 5258 3816 5348 consilium
3855 5248 4260 5338 mittendi
4284 5244 4425 5330 -ad

1024 5405 1029 5412 ·
1098 5403 1103 5407 ·
1167 5381 1305 5457 etis
1368 5376 1772 5493 Regiones
1855 5375 1954 5466 V
1944 5383 2424 5466 isitarorem
2501 5376 3089 5494 Apostolicum
3169 5411 3367 5467 cum
3436 5391 3843 5494 potestate
3935 5369 4243 5489 Legati
4316 5364 4419 5450 de

1140 5492 1478 5578 ‘Latere
1495 5560 1519 5601 ,
1593 5506 1981 5615 congrao'
2008 5500 2139 5586 M
2128 5505 2764 5587 issionariorum
2811 5505 3037 5589 comi
3036 5518 3220 5588 tatu
3266 5502 3816 5587 honestatum.
3865 5493 3993 5580 M
3983 5521 4104 5576 ox
4168 5488 4285 5575 ad
4331 5485 4426 5571 id

1012 5621 1021 5628 ’
1156 5614 1757 5702 ‘Ministeriam
1805 5618 2047 5742 eligit
2103 5616 2511 5709 Carolam
2545 5675 2552 5682 ·
2584 5622 2669 5709 T
2659 5623 2999 5710 hamam
3057 5620 3497 5716 Maillard
3525 5617 3657 5710 'de
3700 5618 4125 5710 ‘Tou-mon
4195 5610 4419 5697 Taa-
