4834 6409
1088 583 1332 658 mus,
1398 553 1545 669 qui
1592 550 1825 668 quod
1877 545 1984 636 ad
2029 549 2312 640 Deum
2359 545 2892 644 referendum
2939 576 3063 644 est
3090 620 3113 664 ‚
3182 586 3352 644 non
3403 555 3713 669 refert3
3777 582 3862 652 et
3908 586 4250 683 propter
4293 565 4458 657 hoe

1093 677 1369 789 ipsum
1415 671 1512 759 fit
1559 673 1846 759 malus.
3213 715 3226 728 ·
4077 757 4086 766 .
4443 731 4448 740 ·

1216 793 1356 903 45.
1426 795 1735 879 Amore
1810 792 1972 878 Dei
2049 791 2135 876 in
2192 787 2443 880 corde
2517 814 3072 909 peccatorum·
3110 827 3278 884 nou
3346 800 3700 917 amplius
3782 825 4244 915 regnante,
4302 838 4454 895 ne-

1096 945 1321 1003 cesse
1370 936 1551 1021 est,
1603 936 1700 998 ut
1748 915 1838 998 in
1897 941 1997 1000 eo
2046 913 2389 1002 carnafis
2444 937 2731 1028 regnet
2780 914 3236 1031 cupiditas,
3309 951 3780 1042 omnesque
3830 927 4208 1013 actiones
4265 931 4452 1044 ejus

1096 1057 1591 1147 corrumpat.

1092 1273 1175 1365 fi
1212 1161 1355 1265 46.
1421 1151 1854 1270 Cupiditas
1889 1215 1913 1259 ‚
1998 1172 2145 1254 aut
2205 1151 2615 1260 charitas,-
2705 1171 2955 1248 usum
3009 1175 3404 1248 sensuum
3455 1164 3794 1252 ’honum
3843 1228 3876 1269 ,
3935 1164 4074 1257 'vel
4131 1164 4452 1254 malum

1176 1280 1439 1366 ciunt.
2865 1292 2872 1297 ’
4429 1357 4436 1366 .

1207 1403 1349 1512 47.
1418 1390 1922 1481 Obedientia
1995 1394 2197 1504 legis
2244 1392 2659 1509 profluere
2708 1394 2962 1486 debet
3009 1431 3108 1488 ex
3155 1398 3439 1514 fonte3
3492 1424 3578 1491 et
3623 1400 3764 1490 hic
3808 1399 3998 1491 fons
4044 1426 4168 1491 est
4214 1401 4435 1491 Cha-

1089 1520 1310 1608 ritas.
1377 1511 1744 1624 Quando
1790 1514 1950 1601 Dei
2003 1545 2232 1602 amor
2301 1537 2426 1604 est
2471 1516 2693 1608 illius
2768 1520 3284 1634 principium·
3352 1526 3695 1611 interius
3726 1585 3758 1629 ,
3819 1548 3906 1612 et
3962 1524 4128 1610 Dei
4188 1524 4450 1636 gloria

1091 1643 1273 1757 ejus
1320 1632 1509 1724 finis
1536 1700 1564 1743 ‚
1639 1659 1845 1726 tunc
1891 1665 2200 1753 purum
2249 1658 2429 1740 est,
2489 1634 2724 1756 quod
2769 1662 3107 1755 apparet
3155 1647 3570 1757 exterius3
3628 1644 4000 1765 alioquin
4050 1674 4222 1732 0οο
4272 1667 4451 1753 est,

1095 1761 1255 1850 nisi
1301 1757 1814 1874 hypocrisis,
1885 1777 2030 1843 aut
2077 1754 2278 1846 falsa
2325 1760 2670 1873 justitia.
3871 1851 3904 1868 κ

1214 1878 1355 1990 48.
1392 1876 1659 1987 -Quid
1742 1876 1971 1964 aliud
2034 1908 2209 1964 esse
2283 1908 2771 1993 possumus,
2841 1879 3002 1965 nisi
3052 1881 3504 1989 tenebrae,
3589 1885 3749 1968 uisi
3822 1883 4229 1972 aberratio
4263 1944 4294 1987 ,
4363 1901 4448 1971 et

1093 2004 1253 2089 nisi
1296 2024 1732 2116 peccatum
1780 2002 1960 2086 sine
2008 1995 2247 2085 Fidei
2309 1999 2629 2089 lumine
2651 2064 2688 2104 ,
2743 2000 2924 2090 sine
2974 1998 3307 2090 Christo
3341 2027 3481 2112 ‚et
3527 2005 3706 2090 sine
3754 2003 4206 2094 Charitate.
4367 1997 4374 2004 ’

1212 2126 1354 2234 49.
1417 2120 1546 2209 Ut
1592 2121 1922 2208 nullum
1972 2142 2404 2233 peccatum
2457 2133 2580 2207 e‘st
2627 2122 2816 2208 sine.
2855 2151 3130 2212 amore
3179 2128 3437 2212 nostri
3474 2169 3498 2232 ,·
3539 2127 3652 2212 ita
3686 2124 4018 2211 nullum
4068 2148 4192 2213 est
4235 2153 4454 2239 ‚opus

1090 2242 1415 2327 bonum
1462 2245 1640 2330 sine
1688 2271 1965 2328 amore
2010 2238 2198 2326 Dei.

1216 2359 1354 2447 50.
1422 2359 1758 2451 Frustra
1809 2362 2262 2448 clamamus
2312 2357 2419 2449 ad
2466 2359 2748 2449 Deum
2775 2425 2802 2471 ,
2832 2363 3076 2453 Pater
3120 2367 3288 2453 mi:
3330 2367 3396 2451 si
3425 2367 3757 2482 spiritns
3784 2362 4233 2453 Charitatis
4279 2394 4452 2451 nou

1094 2503 1218 2571 est
1263 2481 1459 2589 ille,
1512 2487 1661 2689 <gui
1711 2482 2033 2572 clamat.
2238 2494 2241 2497 ’
2282 2491 2291 2502 ’
2603 2495 2612 2506 ’

1214 2602 1355 2690 51.
1421 2602 1521 2690 Fi
1584 2636 1669 2691 es
1729 2599 2173 2717 justificat,
2236 2599 2580 2721 quando
2623 2628 3070 2719 operatur3
3136 2602 3287 2695 sed
3353 2608 3525 2721 ipsa
3574 2635 3745 2692 000
3794 2625 4238 2718 operatur,
4294 2603 4452 2689 nisi
4583 2662 4590 2665 ·

1092 2755 1244 2846 per
1294 2719 1834 2812 Chat-itatem.

1215 2840 1354 2932 52.
1424 2842 1731 2933 Omnia
1793 2841 1949 2927 alia
2001 2842 2285 2927 salutis
2346 2840 2622 2929 media
2673 2847 3205 2933 continentur
3264 2848 3349 2932 in
3400 2843 3626 2952 fide,
3698 2866 4094 2962 tanquam
4158 2846 4246 2929 in
4299 2875 4456 2931 suo

1092 2966 1464 3174 germine
1497 3029 1523 3074 ‚
1601 2986 1689 3055 et
1751 2963 2117 3076 semine3
2196 2957 2361 3047 Sed
2423 2960 2631 3051 haec
2690 2960 2899 3050 fides
2971 2998 3144 3054 non
3209 2988 3334 3053 est
3397 2968 3711 3085 absque
3772 2996 4048 3052 amore
4081 3030 4113 3069 ,
4188 2985 4272 3050 et
4338 2962 4452 3050 fi-

1160 3115 1366 3174 uela.

1210 3207 1352 3293 53.
1422 3201 1610 3290 Sola
1663 3198 2040 3289 Charitas
2086 3198 2559 3288 Christiano
2621 3204 2869 3322 modo
2915 3203 3111 3292 facit
3187 3203 3226 3324 (
3264 3206 3623 3292 actiones
3672 3201 4250 3322 Christianae)
4295 3232 4447 3318 per

1086 3328 1575 3419 relationem
1624 3319 1732 3409 ad
1778 3321 2062 3411 Deum
2094 3385 2123 3429 ‚
2193 3346 2279 3410 et
2324 3321 2612 3412 Jesum
2661 3325 3114 3434 Christum.

1208 3446 1349 3555 54.
1419 3444 1608 3530 Sola
1659 3442 2035 3530 Charitas
2096 3465 2270 3550 est,
2323 3477 2538 3563 quae
2586 3446 2769 3533 Deo
2817 3445 3240 3562 loquitur,
3303 3473 3489 3531 eam
3536 3441 3795 3528 solam
3840 3443 4075 3529 Deus
4125 3443 4379 3532 audit.

1211 3567 1651 3656 55.‘.D.eus
1697 3595 1869 3651 nou
1921 3568 2315 3671 coronat,
2363 3568 2522 3653 nisi
2571 3565 3082 3653 Charitatem
3118 3627 3145 3669 ,
3180 3567 3328 3683 qui
3367 3565 3636 3651 currit
3684 3593 3783 3649 ex
3831 3564 3997 3650 alio
4044 3564 4443 3681 impulsu,

1088 3713 1176 3781 et
1223 3719 1322 3777 ex
1369 3687 1532 3774 alio
1576 3687 1947 3792 motivo,
2002 3685 2090 3769 in
2138 3714 2452 3775 vanum
2503 3690 2784 3774 currit.

1213 3809 1352 3897 56.
1417 3806 1650 3896 Deus
1720 3835 1894 3893 000
1966 3828 2442 3894 remunerat
2513 3809 2675 3896 nisi
2720 3799 3233 3893 Chat-itatem
3266 3866 3292 3911 ,
3370 3806 3769 3924 quoniam
3842 3803 4192 3894 charitas
4267 3804 4448 3891 sola.

1090 3931 1375 4021 Deum
1437 3927 1814 4016 honorat.
2070 4001 2077 4008 .

1209 4051 1350 4167 57.
1413 4051 1725 4136 Totum
1772 4045 2004 4134 deest
2064 4049 2536 4163 peccatori,
2625 4043 2961 4166 quaudo
3009 4047 3086 4132 ei
3147 4041 3378 4132 deest
3425 4074 3605 4160 spes
3637 4110 3669 4152 ,
3716 4066 3803 4133 et
3850 4077 4021 4134 000
4083 4069 4206 4134 est
4255 4073 4439 4162 spes

1087 4179 1176 4262 in
1225 4172 1477 4276 Deo'‚‘
1536 4170 1690 4256 ubi
1737 4199 1907 4255 non
1970 4191 2098 4255 est
2144 4199 2375 4255 amor
2422 4166 2610 4255 Dei.
3919 4271 3924 4276 ι

1212 4291 1353 4378 58.
1417 4289 1597 4378 Nec
1643 4290 1877 4379 Deus
1927 4310 2100 4396 est,
2159 4297 2315 4376 nec‘
2366 4287 2686 4398 Religio
2722 4347 2748 4391 ‚
2818 4285 2966 4374 ubi
3017 4315 3184 4372 000
3236 4282 3781 4374 est'charitas.

1206 4411 1351 4528 59.
1415 4412 1708 4500 Oratio
1755 4411 2199 4524 impiorum
2248 4432 2370 4495 est
2416 4437 2733 4494 novum
2776 4428 3211 4528 peccatum
3237 4468 3265 4513 ,
3335 4427 3440 4523 et,
3467 4402 3695 4525 quod
3739 4404 3975 4492 Deus
4022 4402 4186 4492 illis
4248 4434 4440 4493 con-

1089 4532 1315 4625 cedit
1349 4596 1374 4641 ‚
1437 4555 1560 4619 est
1608 4563 1923 4621 novum
1973 4531 2059 4617 in
2112 4560 2250 4616 eos
2296 4526 2736 4644 judicium.

1203 4658 1347 4743 60.
1416 4655 1504 4738 Si
1551 4653 1774 4742 solus
1821 4651 2203 4767 supplicii
2250 4653 2501 4740 timor
2549 4651 2861 4735 animat
2905 4645 3496 4763 poenitentiam
3529 4707 3556 4754 ,
3620 4676 3792 4767 quo
3837 4643 4047 4734 haec
4094 4667 4218 4735 est
4267 4674 4439 4758 ma·

1087 4778 1210 4890 gis
1267 4773 1630 4867 violenta
1659 4838 1683 4885 ,
1754 4805 1853 4863 eo
1900 4773 2156 4883 magis
2205 4765 2442 4858 ducit
2504 4765 2611 4856 ad
2661 4766 3344 4884 desperationem.

1204 4898 1350 4983 61.
1414 4895 1706 4981 Timor
1748 4894 2081 4982 nonnisi
2127 4921 2475 4976 manum
2526 4887 2863 4976 cohibet
2893 4951 2918 4996 ,
2993 4917 3136 4975 cor
3182 4913 3463 4977 autem
3524 4884 3821 4991 tandiu
3883 4908 4225 5005 peccato
4273 4883 4429 4974 ad·-

1083 5012 1452 5128 dicitur3
1529 5012 1907 5136 quandiu
1955 5013 2060 5102 ab
2111 5041 2388 5099 amore
2435 5012 2797 5126 justitiae
2845 5040 3019 5096 000
3054 5004 3432 5098 ducitur.

1198 5140 1343 5225 62.
1415 5134 1591 5247 Qui
1651 5169 1699 5223 a
1746 5135 1964 5223 maio
2026 5163 2196 5220 non
2246 5132 2659 5235 abstinet,
2718 5132 2878 5217 nisi
2934 5131 3230 5220 timore
3292 5161 3660 5252 poenae,
3735 5122 3953 5217 illud
3998 5128 4447 5218 committit

1081 5261 1176 5345 in
1239 5253 1489 5344 eorde
1537 5285 1731 5364 suo,
1797 5278 1884 5343 et
1928 5259 2099 5371 jam
2146 5276 2271 5341 est
2317 5284 2508 5341 reus
2559 5282 2835 5338 eoram
2885 5249 3101 5344 Deo.
3641 5319 3646 5328 .

1200 5379 1346 5483 63.
1409 5377 1881 5495 Baptizatus
1929 5372 2206 5462 adhuc
2239 5397 2365 5463 est
2410 5372 2785 5485 sublege
2830 5376 3045 5466 sicut
3086 5370 3141 5463 J
3144 5371 3454 5468 udaeus
3476 5438 3510 5481 ,
3547 5374 3618 5464 si
3641 5371 3911 5484 legem
3956 5399 4131 5460 non
4178 5361 4440 5456 adim-

1078 5495 1360 5616 pleat,
1411 5522 1559 5587 aut
1609 5494 2056 5617 adimpleat
2100 5525 2199 5585 ex
2246 5495 2423 5586 solo
2473 5496 2790 5584 timore.
