4834 6409
1045 585 1150 671 tis
1200 578 1706 668 Provinciae.
1745 575 1832 664 Si
1876 587 2155 666 'autem
2208 578 2495 668 Abbas
2543 580 2795 672 fuerit
2839 578 3351 691 absenS,'aut
3404 576 3751 669 obedire
3798 580 4191 691 noluerit,
4224 588 4439 669 ‘tunc

1046 707 1222 820 ipse
1271 701 1648 785 Vicarius
1697 700 2089 785 Visit'ator
2137 731 2315 786 eam
2370 706 2887 792 convocabit.
2922 707 3222 792 Forma
3277 705 3708 816 literarum
3774 703 4086 790 Vicarii
4134 704 4445 790 Visita·

1049 827 1271 908 toriS.
1344 819 1443 912 V
1429 818 1988 903 enerabilibus
2039 821 2490 910 Fratribus
2550 824 2901 912 Ordinis
2960 826 3047 913 S.
3101 826 3203 911 P.
3226 840 3233 845 ’
3255 821 3378 910 N'.
3444 822 3807 908 Antonii
3838 816 4442 946 Congregatio-

1046 948 1196 1028 nis
1242 943 1327 1026 S.
1380 940 1661 1024 Isaiae
1699 940 2244 1026 ›Provinciae-
2266 984 2274 991 ·
2296 941 2414 1028 ΝΣ
2477 932 2629 1029 ’νεῖ
2686 949 3211 1037 Monasterii
3268 942 3389 1031 ΝΖ
3450 942 3815 1026 salutem
3867 945 3960 1025 in
4008 938 4450 1047 Domino}

1049 1082 1131 1146 et
1182 1060 1859 1173 benedictionem.
1907 1059 2257 1145 ·Notum
2275 1061 2668 1176 facimus
2733 1069 2957 1152 vobis
3009 1128 3032 1171 ‚
3107 1065 3447 1150 Fratres
3479 1125 3502 1169 ,
3555 1061 3738 1148 Nos
3789 1061 4131 1181 elegisse
4195 1063 4444 1148 Reve-

1048 1180 1404 1273 rendum
1457 1180 1807 1263 Patrem
1854 1178 1969 1266 N.
2039 1187 2130 1264 in
2184 1181 2284 1269 V
2274 1187 2643 1268 icarium
2716 1205 3094 1270 nostrum
3140 1247 3167 1290 ‚
3237 1188 3484 1301 eique
3544 1186 3762 1268 vices
3826 1202 4153 1268 nostras
4217 1185 4451 1269 com-'

1052 1300 1378 1387 misisse
1430 1363 1453 1406 ,
1509 1317 1599 1385 ut
1650 1304 1946 1385 visitet·
1985 1302 2160 1389 Vos
2199 1364 2222 1407 ,
2275 1321 2360 1384 et
2412 1324 2776 1388 oestrum
2804 1308 3457 1415 ,Monasterium
3509 1308 3601 1385 in
3649 1302 4250 1415 temporalibus
4279 1366 4304 1412 ‚
4355 1322 4440 1387 et

1051 1421 1640 1537 spiritualibus
1677 1484 1701 1526 ‚
1754 1438 1832 1503 et
1883 1424 2263 1539 inquirat
2313 1427 2403 1505 in
2454 1429 2741 1533 omnia
2789 1422 2908 1507 ad
2953 1424 3130 1519 Vos
3162 1488 3192 1531 ,
3250 1416 3741 1538 dictumque
3808 1424 4443 1507 Monasterium

1052 1547 1523 1657 spectantia
1573 1602 1596 1644 ‚
1633 1616 1637 1623 .
1637 1546 1917 1658 juxta
1964 1560 2285 1627 nostras
2337 1541 3012 1650 consuetudines,
3073 1547 3723 1657 Constitutiones
3759 1603 3789 1644 ,
3836 1557 3920 1622 et
3982 1543 4437 1661 Regulam,

1058 1693 1253 1747 cum
1272 1660 1707 1775 facultate
1756 1659 2280 1768 decernendi,
2335 1678 2554 1778 quae
2601 1662 3119 1747 decernenda
3168 1694 3340 1748 esse
3377 1692 3677 1778 urgens
3728 1668 4172 1747 necessitas
4221 1694 4443 1748 com-

1048 1782 1424 1897 pulerit3
1478 1779 1658 1863 alia
1729 1812 1914 1865 vero
1966 1782 2083 1866 ad
2127 1812 2272 1866 nos
2321 1780 2795 1897 deferendi}
2858 1814 3025 1866 non
3074 1802 3358 1868 tamen
3404 1782 3677 1866 alium
3727 1785 3818 1860 in
3869 1779 4144 1866 locum
4190 1815 4453 1879 suum*

1062 1899 1622 1988 substituendi
1652 1963 1675 2005 ,
1727 1931 1877 1985 nec
1931 1902 2030 1990 V
2022 1907 2537 1986 isitationem
2602 1908 2693 1986 in
2736 1903 3110 2019 quolibet
3155 1905 3685 1988 Monasterio
3749 1899 3977 1983 ultra
4060 1901 4439 1986 triduum

1053 2018 1592 2138 prorogandi.
1653 2019 2076 2131 Quocirca
2138 2020 2645 2107 mandamus
2706 2025 2932 2107 vobis
2985 2027 3070 2104 ir«
3126 2025 3430 2105 virtute
3483 2038 3814 2107 sanctae
3856 2020 4375 2106 ‘obedientiae
4412 2087 4437 2128 ‚

1061 2162 1152 2226 ut
1205 2136 1770 2227 Reverendum
1851 2144 2198 2248 Patrem
2260 2142 2378 2230 N.
2448 2165 2861 2259 tanquam
2941 2142 3033 2231 V
3031 2145 3397 2225 icarium
3486 2142 3585 2230 V
3575 2146 4040 2225 isitatoreni
4091 2173 4145 2225 a
4203 2146 4441 2227 nobis

1055 2261 1553 2375 deputatum
1599 2264 2061 2373 recipiatis,
2114 2267 2360 2379 eique
2407 2252 2780 2356 debitam
2841 2265 3392 2346 reverentiam
3440 2266 3524 2343 et'
3574 2258 4131 2361 obedientiam
4154 2268 4436 2380 juxta

1063 2386 1601 2466 commissum
1667 2383 1835 2492 ipsi
1909 2381 2291 2498 officium
2366 2382 2874 2465 exhibeatis.-
2917 2383 3024 2466 Si
3096 2384 3286 2498 quis
3339 2380 3477 2499 illi
3557 2378 4129 2465 contradicere
4189 2413 4442 2467 ausus

1036 2500 1322 2618 fuerit
1360 2564 1383 2608 ,
1438 2504 1757 2585 noverit
1802 2516 1894 2601 se
1938 2533 2280 2586 suorum
2333 2500 2750 2589 Votorum
2818 2520 3504 2617 transgressorem
3523 2500 3754 2614 fire.
3806 2500 4293 2585 Benedictio
4327 2507 4446 2586 sit

1061 2653 1311 2738 super
1356 2619 1842 2706 obedientes.
1906 2623 2239 2706 Datum
2290 2625 2380 2702 in
2444 2621 2974 2704 Monasterio
3032 2619 3152 2706 N.
3192 2618 3343 2702 die
3402 2618 3521 2705 N.
3576 2651 3853 2722 mense
3896 2621 4013 2707 N.
4054 2651 4274 2711 anno
4321 2621 4439 2708 N.

1064 2745 1355 2831 Abbas
1414 2741 1854 2826 Generalis
1885 2803 1908 2845 ‚
1961 2740 2093 2825 vel
2139 2741 2653 2857 Hegumeni,
2702 2739 2834 2824 vel
2877 2740 3169 2824 Abbas
3224 2741 3724 2828 Provinciae
3770 2741 3889 2828 N.
3959 2740 4132 2825 loco
4178 2738 4285 2841 ›1‹
4332 2741 4447 2820 si-

1069 2861 1291 2982 gilli.
1348 2861 1503 2944 111.
1569 2863 1844 2947 Lectis
1895 2864 1977 2944 in
2035 2858 2694 2970 Congregatiene
2759 2860 3016 2943 literis
3054 2920 3078 2965 ,
3140 2861 3417 2944 statim
3471 2891 3754 2945 omnes
3805 2860 4366 2968 genuflectent
4413 2925 4439 2969 ‚

1065 3004 1411 3096 excepto
1469 2982 1804 3066 Vica'rio
1863 2980 2361 3088 Visitatore3
2429 2975 2733 3062 deinde
2768 2976 3194 3090 surgentes
3251 2976 3691 3064 deducunt
3740 2980 4111 3064 illumin
4155 2977 4448 3064 Eccle-

1070 3107 1270 3187 siam
1326 3135 1368 3184 a
1419 3098 1723 3185 dextris
1775 3098 2125 3184 Abbatis
2207 3097 2689 3182 Monasterii
2743 3096 3360 3212 procedentem.
3429 3098 3516 3183 Si
3580 3099 3866 3183 Abbas
3931 3098 4359 3185 Generalis
4409 3164 4434 3206 ‚

1068 3244 1211 3307 aut
1266 3220 1562 3304 Abbas.
1617 3221 2099 3306 Provinciae
2149 3217 2686 3331 personaliter
2736 3214 2842 3302 ad
2887 3215 3393 3304 visitandum
3443 3218 4035 3303 Monasteriu’m
4089 3222 4436 3326 venerit,

1065 3362 1517 3426 convocata
1573 3339 1715 3423 ab
1795 3337 2126 3421 Abbate
2213 3338 2371 3422 loci
2459 3334 3073 3447 Monachorum
3150 3335 3811 3448 Congregatione
3844 3401 3869 3445 ,
3949 3333 4447 3450 significabit

1069 3461 1493 3564 breviter,
1580 3480 1674 3542 ut
1728 3477 2217 3572 praeparent
2280 3487 2367 3541 se
2430 3450 2535 3539 ad
2608 3452 3115 3555 reddendam
3196 3461 3594 3543 rationem
3646 3520 3671 3563 ‚
3736 3489 3992 3575 quam
4062 3464 4442 3578 sequenti

1070 3578 1209 3664 die
1262 3581 1578 3686 exigere
1630 3579 2022 3690 incipiet:
2094 3573 2399 3661 deinde
2451 3573 2844 3689 procedet
2898 3608 3062 3663 una
3115 3606 3306 3660 cum
3360 3576 3692 3691 Abbat'e
3740 3575 4218 3663 Monasterii
4266 3642 4295 3681 ‚
4363 3600 4450 3664 et

1073 3696 1509 3787 Monachis
1562 3693 1664 3783 ad
1732 3697 2187 3781 Ecclesiam
2223 3758 2246 3798 ‚
2302 3719 2396 3780 ut
2447 3726 2714 3806 supra.
2787 3696 2936 3779 IV.
2988 3697 3215 3781 Ante
3266 3701 3516 3781 Aram
3569 3698 4008 3783 maximam
4057 3699 4449 3783 omnibus

1073 3816 1518 3904 ordinatim
1570 3816 2080 3928 genuflexis,
2152 3815 2435 3900 Abbas
2501 3846 2644 3899 seu
2698 3816 3074 3901 Vicarius
3135 3817 3530 3911 Visitator
3608 3819 3803 3902 item
3882 3816 4355 3927 genuflexus
4407 3880 4434 3922 ,

1070 3936 1177 4024 ad
1244 3959 1564 4050 portam
1632 3933 1988 4022 mediam
2076 3935 2343 4019 orabit
2418 3934 3088 4051 aliquantulum,
3151 3931 3456 4021 deinde
3539 3936 3951 4022 intonabit
4025 3935 4446 4020 Psalmum
4506 3956 4525 3971 ‘

1075 4056 1556 4142 CXLVIII.
1622 4053 2009 4141 Laudate
2072 4057 2543 4139 Dominum
2592 4051 2695 4136 de
2751 4054 3026 4138 Coelis
3094 4072 3245 4141 etc.
3301 4085 3550 4173 quem
3606 4087 3766 4141 una
3837 4088 4028 4141 cum
4114 4052 4446 4143 duobus

1073 4176 1616 4294 sequentibus
1666 4176 2008 4260 Psalmis
2045 4173 2437 4259 Monachi
2491 4174 2952 4260 alternatim
3007 4197 3304 4269 cantet.
3369 4174 3482 4258 Et
3531 4171 3755 4260 dicto
3795 4175 4095 4261 Gloria
4144 4177 4439 4281 Patri,

1072 4300 1333 4405 surgit
1381 4298 1670 4380 Abbas
1707 4359 1729 4400 ‚
1784 4326 1928 4379 seu
1977 4295 2358 4377 Vicarius
2435 4294 2831 4377 Visitator
2879 4356 2902 4396 ‚
2958 4317 3040 4379 et
3087 4291 3297 4378 facta
3377 4290 3477 4376 ad
3559 4293 3841 4380 Altare
3916 4299 4366 4403 reverentia
4413 4358 4438 4400 ‚

1078 4446 1519 4503 conversus
1569 4411 1672 4499 ad
1723 4410 2178 4500 Monachos
2229 4413 2700 4522 genuflexos
2738 4474 2763 4517 ‚
2829 4411 3074 4498 faciat
3136 4412 3737 4499 absolutionem
3769 4476 3792 4519 ,
3846 4410 4153 4499 dicens.
4209 4417 4448 4500 Deus

1071 4542 1569 4620 misereatur
1616 4538 1872 4618 vestri
1903 4595 1929 4638 ‚
1983 4550 2066 4617 et
2114 4529 2495 4615 dimittat
2540 4531 2833 4634 debita
2872 4553 3168 4637 vestra,
3221 4552 3303 4616 et
3350 4534 3668 4616 tribuat
3719 4536 3942 4619 vobis
3991 4533 4440 4619 absolutio-

1075 4687 1291 4760 nem,
1347 4672 1429 4737 et
1497 4660 1828 4738 veniam
1879 4655 2259 4735 omnium
2311 4670 2851 4764 peccatorum
2900 4672 3379 4736 vestrorum.
3443 4653 3552 4736 In
3611 4658 3945 4735 nomine
3997 4656 4284 4738 Patris
4336 4653 4445 4758 ›X‹

1037 4786 1152 4858 ‘et
1203 4772 1427 4858 Filii
1471 4769 1575 4872 >1⁴
1624 4792 1703 4856 e‘t
1741 4773 2121 4885 Spiritus
2158 4764 2262 4871 ἦ(
2312 4772 2632 4854 Sancti.
2696 4772 3037 4856 Fratres.
3090 4770 3395 4861 Amen.
3437 4770 3552 4855 Et
3598 4790 3948 4883 surgunt
3999 4835 4022 4879 ‚
4085 4766 4440 4892 ejusque

1071 4925 1411 4979 manum
1463 4891 1905 4977 ordinatim
1959 4895 2438 4976 osculantur
2489 4924 2508 4974 τ
2578 4912 2661 4975 et
2723 4889 3033 4975 abeunt
3112 4894 3192 4975 in
3278 4890 3550 4977 Cellas
3617 4923 3823 4976 suas.
3895 4890 3996 4976 V.
4052 4890 4443 4980 Vi'sitator

997 5012 1008 5023 ’
1073 5018 1435 5128 primum
1489 5011 1760 5098 locum
1843 5010 2161 5096 tenebit
2211 5041 2400 5095 cum
2461 5012 2704 5094 Socio
2779 5030 2981 5113 suc,
3047 5014 3192 5129 qui
3265 5011 3691 5096 Secretarii
3759 5030 4066 5098 munus
4144 5037 4371 5123 geret
4410 5082 4435 5124 ‚

1076 5136 1322 5220 etiam
1373 5154 1559 5217 ante
1612 5132 2036 5216 Abbatem
2088 5131 2593 5220 Monast'erii.
2649 5128 2867 5213 Cum
2912 5152 3184 5216 autem
3240 5127 3518 5216 officio
3567 5162 3716 5215 suo
3763 5127 4102 5219 functus
4150 5131 4430 5245 fuerit,

1078 5260 1302 5369 ipse,
1355 5274 1438 5336 et
1489 5251 1775 5335 Socius
1827 5250 2099 5334 locum
2157 5254 2377 5360 juxta
2433 5245 2937 5352 dignitatem·
2966 5281 3194 5336 suam
3233 5313 3256 5356 ,
3312 5252 3440 5336 vel
3494 5248 4069 5369 antiquitatem
4112 5252 4434 5367 profes-

1076 5374 1323 5459 sionis
1373 5368 1734 5454 habebit.
1801 5370 1946 5450 -Vl,
2004 5369 2281 5452 Primo
2351 5367 2857 5453 Visitationis
2910 5367 3044 5455 die
3110 5372 3455 5455 cantatis
3507 5368 3832 5455 Divinis
3902 5371 4226 5459 Officiis
4266 5435 4292 5479 ,
4342 5405 4438 5459 ac
4487 5470 4494 5475 ,

1076 5494 1506 5582 terminata
1557 5522 1703 5602 per
1754 5488 2175 5574 Abbatem
2228 5488 2449 5594 loci,
2517 5511 2660 5574 aut
2719 5489 3143 5575 Vicarium
3201 5491 3437 5574 Sacra
3524 5488 3919 5601 Litursgia‚
3987 5517 4436 5609 antequam

1074 5613 1319 5703 detur
1382 5642 1426 5694 a
1489 5611 1957 5698 celebrante
2021 5606 2551 5716 benedictin,
2616 5608 3008 5694 omnibus
3067 5604 3499 5699 Monachis
3564 5607 4004 5698 ordinatim
4069 5612 4435 5726 genufle-
