<?xml version="1.0" encoding="UTF-8"?>
<!DOCTYPE html PUBLIC "-//W3C//DTD XHTML 1.0 Transitional//EN"
    "http://www.w3.org/TR/xhtml1/DTD/xhtml1-transitional.dtd">
<html xmlns="http://www.w3.org/1999/xhtml" xml:lang="en" lang="en">
 <head>
  <title>
</title>
<meta http-equiv="Content-Type" content="text/html;charset=utf-8" />
  <meta name='ocr-system' content='tesseract 3.04.00' />
  <meta name='ocr-capabilities' content='ocr_page ocr_carea ocr_par ocr_line ocrx_word'/>
</head>
<body>
  <div class='ocr_page' id='page_1' title='image "./bullariumpontif00fidegoog_0113.png"; bbox 0 0 4834 6409; ppageno 0'>
   <div class='ocr_carea' id='block_1_1' title="bbox 3247 405 3377 440">
    <p class='ocr_par' dir='ltr' id='par_1_1' title="bbox 3247 405 3377 440">
     <span class='ocr_line' id='line_1_1' title="bbox 3247 405 3377 440; baseline 0 0"><span class='ocrx_word' id='word_1_1' title='bbox 3247 405 3268 426; x_wconf 77' lang='grc'><em>“</em></span> <span class='ocrx_word' id='word_1_2' title='bbox 3349 405 3377 440; x_wconf 81' lang='grc' dir='ltr'><em>Ι</em></span> 
     </span>
    </p>
   </div>
   <div class='ocr_carea' id='block_1_2' title="bbox 3620 433 3818 520">
    <p class='ocr_par' dir='ltr' id='par_1_2' title="bbox 3620 433 3818 520">
     <span class='ocr_line' id='line_1_2' title="bbox 3620 433 3818 520; baseline 0.005 -1"><span class='ocrx_word' id='word_1_3' title='bbox 3620 433 3818 520; x_wconf 70' lang='grc' dir='ltr'><strong>ιὸ3ι</strong></span> 
     </span>
    </p>
   </div>
   <div class='ocr_carea' id='block_1_3' title="bbox 394 536 3820 677">
    <p class='ocr_par' dir='ltr' id='par_1_3' title="bbox 394 536 3820 677">
     <span class='ocr_line' id='line_1_3' title="bbox 394 536 3820 677; baseline -0.006 -26"><span class='ocrx_word' id='word_1_4' title='bbox 394 549 835 677; x_wconf 76' lang='lat' dir='ltr'><strong>delegandi</strong></span> <span class='ocrx_word' id='word_1_5' title='bbox 892 557 1314 646; x_wconf 70' lang='lat' dir='ltr'><strong>licentiam</strong></span> <span class='ocrx_word' id='word_1_6' title='bbox 1357 621 1383 660; x_wconf 87' lang='lat'><strong>,</strong></span> <span class='ocrx_word' id='word_1_7' title='bbox 1437 576 1523 641; x_wconf 76' lang='lat' dir='ltr'><strong>et</strong></span> <span class='ocrx_word' id='word_1_8' title='bbox 1570 536 2104 659; x_wconf 68' lang='lat' dir='ltr'><strong>facultatem,</strong></span> <span class='ocrx_word' id='word_1_9' title='bbox 2158 558 2645 656; x_wconf 73' lang='lat' dir='ltr'><strong>auctoritate</strong></span> <span class='ocrx_word' id='word_1_10' title='bbox 2695 549 3174 670; x_wconf 79' lang='lat' dir='ltr'><strong>Apostolica</strong></span> <span class='ocrx_word' id='word_1_11' title='bbox 3220 559 3510 641; x_wconf 81' lang='lat' dir='ltr'><strong>tenore</strong></span> <span class='ocrx_word' id='word_1_12' title='bbox 3555 586 3820 670; x_wconf 72' lang='lat' dir='ltr'><strong>prae-,</strong></span> 
     </span>
    </p>
   </div>
   <div class='ocr_carea' id='block_1_4' title="bbox 388 673 3798 2240">
    <p class='ocr_par' dir='ltr' id='par_1_4' title="bbox 388 673 3798 2240">
     <span class='ocr_line' id='line_1_4' title="bbox 392 673 3798 792; baseline -0.003 -22"><span class='ocrx_word' id='word_1_13' title='bbox 392 687 756 770; x_wconf 87' lang='lat' dir='ltr'><strong>sentium</strong></span> <span class='ocrx_word' id='word_1_14' title='bbox 807 676 1405 783; x_wconf 85' lang='lat' dir='ltr'><strong>concedimus,</strong></span> <span class='ocrx_word' id='word_1_15' title='bbox 1472 698 1558 763; x_wconf 89' lang='lat' dir='ltr'><strong>et</strong></span> <span class='ocrx_word' id='word_1_16' title='bbox 1603 677 2179 787; x_wconf 89' lang='lat' dir='ltr'><strong>impertimur,</strong></span> <span class='ocrx_word' id='word_1_17' title='bbox 2242 678 2818 792; x_wconf 85' lang='lat' dir='ltr'><strong>praesentibus</strong></span> <span class='ocrx_word' id='word_1_18' title='bbox 2880 673 2988 762; x_wconf 90' lang='lat' dir='ltr'><strong>ad</strong></span> <span class='ocrx_word' id='word_1_19' title='bbox 3056 676 3348 786; x_wconf 84' lang='lat' dir='ltr'><strong>viginti</strong></span> <span class='ocrx_word' id='word_1_20' title='bbox 3426 705 3692 761; x_wconf 87' lang='lat' dir='ltr'><strong>annos</strong></span> <span class='ocrx_word' id='word_1_21' title='bbox 3739 707 3798 784; x_wconf 38' lang='lat' dir='ltr'><strong>a,</strong></span> 
     </span>
     <span class='ocr_line' id='line_1_5' title="bbox 394 793 3789 914; baseline -0.002 -24"><span class='ocrx_word' id='word_1_22' title='bbox 394 803 532 891; x_wconf 91' lang='lat' dir='ltr'><strong>die</strong></span> <span class='ocrx_word' id='word_1_23' title='bbox 584 804 915 887; x_wconf 87' lang='lat' dir='ltr'><strong>illarum</strong></span> <span class='ocrx_word' id='word_1_24' title='bbox 967 797 1208 886; x_wconf 88' lang='lat' dir='ltr'><strong>datae</strong></span> <span class='ocrx_word' id='word_1_25' title='bbox 1260 794 1863 911; x_wconf 86' lang='lat' dir='ltr'><strong>computandos</strong></span> <span class='ocrx_word' id='word_1_26' title='bbox 1931 818 2251 883; x_wconf 88' lang='lat' dir='ltr'><strong>tantum</strong></span> <span class='ocrx_word' id='word_1_27' title='bbox 2322 796 2741 885; x_wconf 82' lang='lat' dir='ltr'><strong>duraturis</strong></span> <span class='ocrx_word' id='word_1_28' title='bbox 2779 860 2802 904; x_wconf 92' lang='lat'>‚</span> <span class='ocrx_word' id='word_1_29' title='bbox 2873 829 2968 882; x_wconf 88' lang='lat' dir='ltr'><strong>ac</strong></span> <span class='ocrx_word' id='word_1_30' title='bbox 3032 828 3204 881; x_wconf 89' lang='lat' dir='ltr'><strong>uno</strong></span> <span class='ocrx_word' id='word_1_31' title='bbox 3240 858 3264 902; x_wconf 95' lang='lat'><strong>,</strong></span> <span class='ocrx_word' id='word_1_32' title='bbox 3319 793 3789 914; x_wconf 90' lang='lat' dir='ltr'><strong>eodemque</strong></span> 
     </span>
     <span class='ocr_line' id='line_1_6' title="bbox 394 909 3782 1039; baseline -0.002 -30"><span class='ocrx_word' id='word_1_33' title='bbox 394 948 768 1039; x_wconf 88' lang='lat' dir='ltr'><strong>tempore</strong></span> <span class='ocrx_word' id='word_1_34' title='bbox 819 945 983 1006; x_wconf 89' lang='lat' dir='ltr'><strong>tam</strong></span> <span class='ocrx_word' id='word_1_35' title='bbox 1040 916 1315 1037; x_wconf 89' lang='lat' dir='ltr'><strong>quoad</strong></span> <span class='ocrx_word' id='word_1_36' title='bbox 1384 918 2113 1024; x_wconf 85' lang='lat' dir='ltr'><strong>Provinciales,et</strong></span> <span class='ocrx_word' id='word_1_37' title='bbox 2174 918 2713 1032; x_wconf 86' lang='lat' dir='ltr'><strong>Presbyteros</strong></span> <span class='ocrx_word' id='word_1_38' title='bbox 2772 913 3199 1005; x_wconf 86' lang='lat' dir='ltr'><strong>Societatis</strong></span> <span class='ocrx_word' id='word_1_39' title='bbox 3232 909 3782 1037; x_wconf 48' lang='lat' dir='ltr'><strong>Jesu,‘q·uam</strong></span> 
     </span>
     <span class='ocr_line' id='line_1_7' title="bbox 397 1036 3780 1164; baseline -0.002 -34"><span class='ocrx_word' id='word_1_40' title='bbox 397 1042 680 1164; x_wconf 78' lang='lat' dir='ltr'><strong>quoad</strong></span> <span class='ocrx_word' id='word_1_41' title='bbox 730 1038 1216 1127; x_wconf 84' lang='lat' dir='ltr'><strong>Ordinarios</strong></span> <span class='ocrx_word' id='word_1_42' title='bbox 1278 1036 1678 1151; x_wconf 82' lang='lat' dir='ltr'><strong>praefatos</strong></span> <span class='ocrx_word' id='word_1_43' title='bbox 1728 1040 2271 1151; x_wconf 76' lang='lat' dir='ltr'><strong>&#39;expiraturis;</strong></span> <span class='ocrx_word' id='word_1_44' title='bbox 2316 1041 2553 1125; x_wconf 59' lang='lat' dir='ltr'><strong>*salva</strong></span> <span class='ocrx_word' id='word_1_45' title='bbox 2644 1062 2917 1144; x_wconf 82' lang='lat' dir='ltr'><strong>tamen</strong></span> <span class='ocrx_word' id='word_1_46' title='bbox 2959 1048 3317 1150; x_wconf 61' lang='lat' dir='ltr'><strong>‘semper</strong></span> <span class='ocrx_word' id='word_1_47' title='bbox 3394 1041 3480 1124; x_wconf 90' lang='lat' dir='ltr'><strong>in</strong></span> <span class='ocrx_word' id='word_1_48' title='bbox 3546 1067 3780 1151; x_wconf 87' lang='lat' dir='ltr'><strong>prae·</strong></span> 
     </span>
     <span class='ocr_line' id='line_1_8' title="bbox 393 1157 3776 1270; baseline -0.003 -20"><span class='ocrx_word' id='word_1_49' title='bbox 393 1167 662 1250; x_wconf 87' lang='lat' dir='ltr'><strong>missis</strong></span> <span class='ocrx_word' id='word_1_50' title='bbox 712 1164 1196 1248; x_wconf 85' lang='lat' dir='ltr'><strong>auctoritate</strong></span> <span class='ocrx_word' id='word_1_51' title='bbox 1249 1159 1931 1270; x_wconf 76' lang='lat' dir='ltr'><strong>Congregatio&#39;nis</strong></span> <span class='ocrx_word' id='word_1_52' title='bbox 1958 1158 2450 1247; x_wconf 74' lang='lat' dir='ltr'><strong>eorumdem</strong></span> <span class='ocrx_word' id='word_1_53' title='bbox 2500 1157 3099 1246; x_wconf 88' lang='lat' dir='ltr'><strong>Cardinalium.</strong></span> <span class='ocrx_word' id='word_1_54' title='bbox 3160 1158 3588 1246; x_wconf 86' lang='lat' dir='ltr'><strong>Praeterea</strong></span> <span class='ocrx_word' id='word_1_55' title='bbox 3637 1187 3776 1243; x_wconf 89' lang='lat' dir='ltr'><strong>eo·</strong></span> 
     </span>
     <span class='ocr_line' id='line_1_9' title="bbox 398 1277 3785 1400; baseline -0.002 -31"><span class='ocrx_word' id='word_1_56' title='bbox 398 1317 579 1369; x_wconf 90' lang='lat' dir='ltr'><strong>rum</strong></span> <span class='ocrx_word' id='word_1_57' title='bbox 614 1348 636 1390; x_wconf 89' lang='lat'><strong>,</strong></span> <span class='ocrx_word' id='word_1_58' title='bbox 705 1285 849 1400; x_wconf 90' lang='lat' dir='ltr'><strong>qui</strong></span> <span class='ocrx_word' id='word_1_59' title='bbox 904 1282 1422 1365; x_wconf 88' lang='lat' dir='ltr'><strong>matrimonia</strong></span> <span class='ocrx_word' id='word_1_60' title='bbox 1480 1277 1958 1392; x_wconf 88' lang='lat' dir='ltr'><strong>hujusmodi</strong></span> <span class='ocrx_word' id='word_1_61' title='bbox 2031 1303 2218 1392; x_wconf 88' lang='lat' dir='ltr'><strong>post</strong></span> <span class='ocrx_word' id='word_1_62' title='bbox 2268 1285 2714 1395; x_wconf 85' lang='lat' dir='ltr'><strong>expiratam</strong></span> <span class='ocrx_word' id='word_1_63' title='bbox 2766 1278 3241 1365; x_wconf 78' lang='lat' dir='ltr'><strong>facultatem</strong></span> <span class='ocrx_word' id='word_1_64' title='bbox 3294 1314 3338 1364; x_wconf 89' lang='lat' dir='ltr'><strong>a</strong></span> <span class='ocrx_word' id='word_1_65' title='bbox 3393 1279 3785 1366; x_wconf 88' lang='lat' dir='ltr'><strong>Clemen-</strong></span> 
     </span>
     <span class='ocr_line' id='line_1_10' title="bbox 394 1397 3785 1514; baseline -0.002 -24"><span class='ocrx_word' id='word_1_66' title='bbox 394 1427 475 1490; x_wconf 88' lang='lat' dir='ltr'><strong>te</strong></span> <span class='ocrx_word' id='word_1_67' title='bbox 527 1400 1159 1488; x_wconf 75' lang='lat' dir='ltr'><strong>praedecessore</strong></span> <span class='ocrx_word' id='word_1_68' title='bbox 1195 1463 1219 1507; x_wconf 92' lang='lat'><strong>,</strong></span> <span class='ocrx_word' id='word_1_69' title='bbox 1270 1403 1486 1485; x_wconf 88' lang='lat' dir='ltr'><strong>sicut</strong></span> <span class='ocrx_word' id='word_1_70' title='bbox 1534 1400 2139 1512; x_wconf 88' lang='lat' dir='ltr'><strong>praemittitur,</strong></span> <span class='ocrx_word' id='word_1_71' title='bbox 2196 1423 2760 1514; x_wconf 83' lang='lat' dir='ltr'><strong>prorogatam,</strong></span> <span class='ocrx_word' id='word_1_72' title='bbox 2824 1432 2968 1488; x_wconf 79' lang='lat' dir='ltr'><strong>seu</strong></span> <span class='ocrx_word' id='word_1_73' title='bbox 3022 1397 3127 1485; x_wconf 83' lang='lat' dir='ltr'><strong>de</strong></span> <span class='ocrx_word' id='word_1_74' title='bbox 3183 1431 3399 1486; x_wconf 92' lang='lat' dir='ltr'><strong>novo</strong></span> <span class='ocrx_word' id='word_1_75' title='bbox 3452 1429 3785 1487; x_wconf 87' lang='lat' dir='ltr'><strong>conces·</strong></span> 
     </span>
     <span class='ocr_line' id='line_1_11' title="bbox 393 1515 3781 1636; baseline -0.001 -28"><span class='ocrx_word' id='word_1_76' title='bbox 393 1554 563 1608; x_wconf 88' lang='lat' dir='ltr'><strong>sam</strong></span> <span class='ocrx_word' id='word_1_77' title='bbox 654 1526 738 1607; x_wconf 92' lang='lat' dir='ltr'><strong>in</strong></span> <span class='ocrx_word' id='word_1_78' title='bbox 809 1520 1201 1633; x_wconf 67' lang='lat' dir='ltr'><strong>gradibus</strong></span> <span class='ocrx_word' id='word_1_79' title='bbox 1276 1515 1765 1634; x_wconf 82' lang='lat' dir='ltr'><strong>hujusmodi</strong></span> <span class='ocrx_word' id='word_1_80' title='bbox 1844 1518 2119 1618; x_wconf 78' lang='lat' dir='ltr'>forsan</span> <span class='ocrx_word' id='word_1_81' title='bbox 2202 1521 2832 1627; x_wconf 55' lang='lat' dir='ltr'><strong>contraxerint,</strong></span> <span class='ocrx_word' id='word_1_82' title='bbox 2887 1517 3781 1636; x_wconf 61' lang='lat' dir='ltr'><strong>‚dispensationemque</strong></span> 
     </span>
     <span class='ocr_line' id='line_1_12' title="bbox 390 1639 3783 1758; baseline -0.001 -31"><span class='ocrx_word' id='word_1_83' title='bbox 390 1644 850 1758; x_wconf 74' lang='lat' dir='ltr'><strong>respective</strong></span> <span class='ocrx_word' id='word_1_84' title='bbox 901 1639 1007 1726; x_wconf 83' lang='lat' dir='ltr'><strong>ad</strong></span> <span class='ocrx_word' id='word_1_85' title='bbox 1070 1639 1158 1724; x_wconf 93' lang='lat' dir='ltr'><strong>id</strong></span> <span class='ocrx_word' id='word_1_86' title='bbox 1237 1642 1845 1745; x_wconf 84' lang='lat' dir='ltr'><strong>concesserint,</strong></span> <span class='ocrx_word' id='word_1_87' title='bbox 1910 1644 2220 1746; x_wconf 88' lang='lat' dir='ltr'><strong>statui,</strong></span> <span class='ocrx_word' id='word_1_88' title='bbox 2286 1666 2371 1728; x_wconf 91' lang='lat' dir='ltr'><strong>et</strong></span> <span class='ocrx_word' id='word_1_89' title='bbox 2420 1642 3116 1728; x_wconf 76' lang='lat' dir='ltr'><strong>conscientiarum</strong></span> <span class='ocrx_word' id='word_1_90' title='bbox 3180 1642 3439 1757; x_wconf 85' lang='lat' dir='ltr'><strong>quieti</strong></span> <span class='ocrx_word' id='word_1_91' title='bbox 3503 1643 3783 1755; x_wconf 86' lang='lat' dir='ltr'><strong>provi-</strong></span> 
     </span>
     <span class='ocr_line' id='line_1_13' title="bbox 388 1758 3785 1878; baseline -0.001 -30"><span class='ocrx_word' id='word_1_92' title='bbox 388 1761 601 1849; x_wconf 87' lang='lat' dir='ltr'><strong>·dere</strong></span> <span class='ocrx_word' id='word_1_93' title='bbox 665 1764 1033 1850; x_wconf 89' lang='lat' dir='ltr'><strong>volentes</strong></span> <span class='ocrx_word' id='word_1_94' title='bbox 1070 1824 1099 1863; x_wconf 86' lang='lat'><strong>,</strong></span> <span class='ocrx_word' id='word_1_95' title='bbox 1162 1763 1436 1845; x_wconf 88' lang='lat' dir='ltr'><strong>omnia</strong></span> <span class='ocrx_word' id='word_1_96' title='bbox 1503 1783 1584 1845; x_wconf 88' lang='lat' dir='ltr'><strong>et</strong></span> <span class='ocrx_word' id='word_1_97' title='bbox 1632 1760 1965 1870; x_wconf 74' lang='lat' dir='ltr'><strong>singula.</strong></span> <span class='ocrx_word' id='word_1_98' title='bbox 2004 1765 2592 1867; x_wconf 75' lang='lat' dir='ltr'><strong>matrimonia,</strong></span> <span class='ocrx_word' id='word_1_99' title='bbox 2647 1792 2862 1878; x_wconf 88' lang='lat' dir='ltr'><strong>quae</strong></span> <span class='ocrx_word' id='word_1_100' title='bbox 2914 1762 3195 1870; x_wconf 86' lang='lat' dir='ltr'><strong>vigore</strong></span> <span class='ocrx_word' id='word_1_101' title='bbox 3247 1758 3785 1875; x_wconf 89' lang='lat' dir='ltr'><strong>dispensatio-</strong></span> 
     </span>
     <span class='ocr_line' id='line_1_14' title="bbox 396 1876 3787 1997; baseline -0 -29"><span class='ocrx_word' id='word_1_102' title='bbox 396 1886 525 1968; x_wconf 87' lang='lat' dir='ltr'><strong>nis</strong></span> <span class='ocrx_word' id='word_1_103' title='bbox 577 1914 823 1997; x_wconf 83' lang='lat' dir='ltr'><strong>super</strong></span> <span class='ocrx_word' id='word_1_104' title='bbox 874 1878 1311 1995; x_wconf 85' lang='lat' dir='ltr'><strong>praedictis</strong></span> <span class='ocrx_word' id='word_1_105' title='bbox 1361 1876 1804 1992; x_wconf 73' lang='lat' dir='ltr'><strong>gradibus»,</strong></span> <span class='ocrx_word' id='word_1_106' title='bbox 1872 1911 2021 1966; x_wconf 91' lang='lat' dir='ltr'><strong>seu</strong></span> <span class='ocrx_word' id='word_1_107' title='bbox 2075 1881 2691 1996; x_wconf 85' lang='lat' dir='ltr'><strong>impedimentis</strong></span> <span class='ocrx_word' id='word_1_108' title='bbox 2753 1912 2899 1995; x_wconf 91' lang='lat' dir='ltr'><strong>per</strong></span> <span class='ocrx_word' id='word_1_109' title='bbox 2949 1880 3507 1966; x_wconf 84' lang='lat' dir='ltr'><strong>Missionarios</strong></span> <span class='ocrx_word' id='word_1_110' title='bbox 3545 1943 3570 1986; x_wconf 91' lang='lat'><strong>,</strong></span> <span class='ocrx_word' id='word_1_111' title='bbox 3637 1912 3787 1969; x_wconf 89' lang='lat' dir='ltr'><strong>seu</strong></span> 
     </span>
     <span class='ocr_line' id='line_1_15' title="bbox 398 2000 3780 2116; baseline 0 -28"><span class='ocrx_word' id='word_1_112' title='bbox 398 2006 651 2089; x_wconf 88' lang='lat' dir='ltr'><strong>etiam</strong></span> <span class='ocrx_word' id='word_1_113' title='bbox 706 2000 1194 2110; x_wconf 85' lang='lat' dir='ltr'><strong>Ordinarios</strong></span> <span class='ocrx_word' id='word_1_114' title='bbox 1246 2000 1567 2086; x_wconf 88' lang='lat' dir='ltr'><strong>illarum</strong></span> <span class='ocrx_word' id='word_1_115' title='bbox 1622 2002 1977 2112; x_wconf 88' lang='lat' dir='ltr'><strong>partium</strong></span> <span class='ocrx_word' id='word_1_116' title='bbox 2032 2025 2212 2113; x_wconf 87' lang='lat' dir='ltr'><strong>post</strong></span> <span class='ocrx_word' id='word_1_117' title='bbox 2270 2007 2717 2116; x_wconf 80' lang='lat' dir='ltr'><strong>expiratam</strong></span> <span class='ocrx_word' id='word_1_118' title='bbox 2785 2000 3258 2088; x_wconf 80' lang='lat' dir='ltr'><strong>facultatem</strong></span> <span class='ocrx_word' id='word_1_119' title='bbox 3313 2004 3430 2086; x_wconf 90' lang='lat' dir='ltr'><strong>sic</strong></span> <span class='ocrx_word' id='word_1_120' title='bbox 3490 2030 3780 2115; x_wconf 88' lang='lat' dir='ltr'><strong>proro-</strong></span> 
     </span>
     <span class='ocr_line' id='line_1_16' title="bbox 396 2119 3785 2240; baseline -0 -32"><span class='ocrx_word' id='word_1_121' title='bbox 396 2146 671 2233; x_wconf 79' lang='lat' dir='ltr'><strong>gatam</strong></span> <span class='ocrx_word' id='word_1_122' title='bbox 724 2119 1358 2240; x_wconf 82' lang='lat' dir='ltr'><strong>quomodolibet</strong></span> <span class='ocrx_word' id='word_1_123' title='bbox 1388 2127 1837 2210; x_wconf 64' lang='lat' dir='ltr'><strong>zcmcessae</strong></span> <span class='ocrx_word' id='word_1_124' title='bbox 1873 2181 1899 2228; x_wconf 92' lang='lat'><strong>,</strong></span> <span class='ocrx_word' id='word_1_125' title='bbox 1932 2123 2163 2208; x_wconf 66' lang='lat' dir='ltr'><strong>alias</strong></span> <span class='ocrx_word' id='word_1_126' title='bbox 2222 2133 2518 2210; x_wconf 75' lang='lat' dir='ltr'><strong>tamen</strong></span> <span class='ocrx_word' id='word_1_127' title='bbox 2571 2126 2728 2208; x_wconf 89' lang='lat' dir='ltr'><strong>-rite</strong></span> <span class='ocrx_word' id='word_1_128' title='bbox 2777 2145 2866 2208; x_wconf 85' lang='lat' dir='ltr'><strong>et</strong></span> <span class='ocrx_word' id='word_1_129' title='bbox 2929 2120 3291 2234; x_wconf 85' lang='lat' dir='ltr'><strong>legitime</strong></span> <span class='ocrx_word' id='word_1_130' title='bbox 3355 2144 3785 2220; x_wconf 70' lang='lat' dir='ltr'><strong>eontracta</strong></span> 
     </span>
    </p>
   </div>
   <div class='ocr_carea' id='block_1_5' title="bbox 393 2239 3898 2354">
    <p class='ocr_par' dir='ltr' id='par_1_5' title="bbox 393 2239 3898 2354">
     <span class='ocr_line' id='line_1_17' title="bbox 393 2239 3898 2354; baseline -0 -26"><span class='ocrx_word' id='word_1_131' title='bbox 393 2242 708 2330; x_wconf 80' lang='lat' dir='ltr'><strong>fuerint</strong></span> <span class='ocrx_word' id='word_1_132' title='bbox 754 2244 1299 2348; x_wconf 78' lang='lat' dir='ltr'><strong>auctoritate,</strong></span> <span class='ocrx_word' id='word_1_133' title='bbox 1352 2264 1450 2327; x_wconf 80' lang='lat' dir='ltr'><strong>et</strong></span> <span class='ocrx_word' id='word_1_134' title='bbox 1486 2255 1781 2328; x_wconf 68' lang='lat' dir='ltr'><strong>it‘enor&#39;e</strong></span> <span class='ocrx_word' id='word_1_135' title='bbox 1822 2239 2214 2354; x_wconf 65' lang='lat' dir='ltr'><strong>praefatis</strong></span> <span class='ocrx_word' id='word_1_136' title='bbox 2280 2240 2890 2348; x_wconf 70' lang='lat' dir='ltr'><strong>revalidamus,</strong></span> <span class='ocrx_word' id='word_1_137' title='bbox 2962 2272 3058 2328; x_wconf 90' lang='lat' dir='ltr'><strong>ac</strong></span> <span class='ocrx_word' id='word_1_138' title='bbox 3110 2240 3376 2328; x_wconf 86' lang='lat' dir='ltr'><strong>valida</strong></span> <span class='ocrx_word' id='word_1_139' title='bbox 3418 2301 3441 2349; x_wconf 87' lang='lat'><strong>,</strong></span> <span class='ocrx_word' id='word_1_140' title='bbox 3479 2265 3592 2327; x_wconf 44' lang='lat' dir='ltr'><strong>*et</strong></span> <span class='ocrx_word' id='word_1_141' title='bbox 3656 2243 3778 2328; x_wconf 92' lang='lat' dir='ltr'><strong>le·</strong></span> <span class='ocrx_word' id='word_1_142' title='bbox 3891 2279 3898 2287; x_wconf 95' lang='lat'>·</span> 
     </span>
    </p>
   </div>
   <div class='ocr_carea' id='block_1_6' title="bbox 391 2359 3810 2723">
    <p class='ocr_par' dir='ltr' id='par_1_6' title="bbox 391 2359 3810 2723">
     <span class='ocr_line' id='line_1_18' title="bbox 400 2359 3810 2477; baseline 0 -30"><span class='ocrx_word' id='word_1_143' title='bbox 400 2366 682 2475; x_wconf 82' lang='lat' dir='ltr'><strong>gitima</strong></span> <span class='ocrx_word' id='word_1_144' title='bbox 737 2361 1258 2450; x_wconf 82' lang='lat' dir='ltr'><strong>decernimus</strong></span> <span class='ocrx_word' id='word_1_145' title='bbox 1328 2364 1413 2460; x_wconf 80' lang='lat' dir='ltr'><strong>in</strong></span> <span class='ocrx_word' id='word_1_146' title='bbox 1465 2361 1919 2466; x_wconf 78' lang='lat' dir='ltr'><strong>omnibus,</strong></span> <span class='ocrx_word' id='word_1_147' title='bbox 1983 2384 2075 2448; x_wconf 84' lang='lat' dir='ltr'><strong>et</strong></span> <span class='ocrx_word' id='word_1_148' title='bbox 2152 2393 2300 2476; x_wconf 83' lang='lat' dir='ltr'><strong>per</strong></span> <span class='ocrx_word' id='word_1_149' title='bbox 2350 2368 2627 2450; x_wconf 80' lang='lat' dir='ltr'><strong>omnia</strong></span> <span class='ocrx_word' id='word_1_150' title='bbox 2670 2426 2694 2469; x_wconf 90' lang='lat'><strong>,</strong></span> <span class='ocrx_word' id='word_1_151' title='bbox 2760 2359 3105 2477; x_wconf 84' lang='lat' dir='ltr'><strong>perinde</strong></span> <span class='ocrx_word' id='word_1_152' title='bbox 3171 2395 3267 2448; x_wconf 83' lang='lat' dir='ltr'><strong>ac</strong></span> <span class='ocrx_word' id='word_1_153' title='bbox 3318 2366 3384 2446; x_wconf 91' lang='lat' dir='ltr'><strong>si</strong></span> <span class='ocrx_word' id='word_1_154' title='bbox 3448 2361 3553 2446; x_wconf 89' lang='lat' dir='ltr'><strong>ab</strong></span> <span class='ocrx_word' id='word_1_155' title='bbox 3622 2365 3810 2447; x_wconf 76' lang='lat' dir='ltr'><strong>ini-&#39;</strong></span> 
     </span>
     <span class='ocr_line' id='line_1_19' title="bbox 391 2477 3783 2599; baseline -0.001 -30"><span class='ocrx_word' id='word_1_156' title='bbox 391 2487 561 2584; x_wconf 87' lang='lat' dir='ltr'><strong>tio,</strong></span> <span class='ocrx_word' id='word_1_157' title='bbox 616 2506 697 2571; x_wconf 89' lang='lat' dir='ltr'><strong>et</strong></span> <span class='ocrx_word' id='word_1_158' title='bbox 747 2486 1172 2570; x_wconf 67' lang='lat' dir='ltr'><strong>incorum</strong></span> <span class='ocrx_word' id='word_1_159' title='bbox 1227 2479 1531 2568; x_wconf 87' lang='lat' dir='ltr'><strong>radice:</strong></span> <span class='ocrx_word' id='word_1_160' title='bbox 1557 2479 2387 2593; x_wconf 62' lang='lat' dir='ltr'><strong>praeviasufficienti</strong></span> <span class='ocrx_word' id='word_1_161' title='bbox 2440 2482 3053 2599; x_wconf 78' lang='lat' dir='ltr'><strong>dispensatione</strong></span> <span class='ocrx_word' id='word_1_162' title='bbox 3104 2504 3528 2569; x_wconf 86' lang='lat' dir='ltr'><strong>contracta</strong></span> <span class='ocrx_word' id='word_1_163' title='bbox 3578 2477 3783 2566; x_wconf 86' lang='lat' dir='ltr'><strong>fuis-</strong></span> 
     </span>
     <span class='ocr_line' id='line_1_20' title="bbox 398 2599 3786 2723; baseline -0 -31"><span class='ocrx_word' id='word_1_164' title='bbox 398 2629 638 2709; x_wconf 83' lang='lat' dir='ltr'><strong>sent,</strong></span> <span class='ocrx_word' id='word_1_165' title='bbox 703 2604 1031 2722; x_wconf 68' lang='lat' dir='ltr'><strong>absque</strong></span> <span class='ocrx_word' id='word_1_166' title='bbox 1085 2634 1186 2691; x_wconf 87' lang='lat' dir='ltr'><strong>eo</strong></span> <span class='ocrx_word' id='word_1_167' title='bbox 1236 2599 1467 2723; x_wconf 86' lang='lat' dir='ltr'><strong>quod</strong></span> <span class='ocrx_word' id='word_1_168' title='bbox 1520 2601 1727 2707; x_wconf 57' lang='lat' dir='ltr'><strong>ills-‚2</strong></span> <span class='ocrx_word' id='word_1_169' title='bbox 1769 2605 2088 2721; x_wconf 72' lang='lat' dir='ltr'><strong>quil‘sic</strong></span> <span class='ocrx_word' id='word_1_170' title='bbox 2136 2606 2758 2710; x_wconf 79' lang='lat' dir='ltr'><strong>contraxerint,</strong></span> <span class='ocrx_word' id='word_1_171' title='bbox 2820 2604 3343 2692; x_wconf 84' lang='lat' dir='ltr'><strong>matrimonia</strong></span> <span class='ocrx_word' id='word_1_172' title='bbox 3398 2600 3502 2690; x_wconf 89' lang='lat' dir='ltr'><strong>de</strong></span> <span class='ocrx_word' id='word_1_173' title='bbox 3555 2632 3786 2690; x_wconf 84' lang='lat' dir='ltr'><strong>novo</strong></span> 
     </span>
    </p>
   </div>
   <div class='ocr_carea' id='block_1_7' title="bbox 397 2711 3928 2837">
    <p class='ocr_par' dir='ltr' id='par_1_7' title="bbox 397 2711 3928 2837">
     <span class='ocr_line' id='line_1_21' title="bbox 397 2711 3928 2837; baseline 0 -25"><span class='ocrx_word' id='word_1_174' title='bbox 397 2724 884 2812; x_wconf 83' lang='lat' dir='ltr'><strong>contrahere</strong></span> <span class='ocrx_word' id='word_1_175' title='bbox 920 2781 961 2829; x_wconf 88' lang='lat'><strong>,.</strong></span> <span class='ocrx_word' id='word_1_176' title='bbox 1011 2755 1157 2810; x_wconf 85' lang='lat' dir='ltr'><strong>seu</strong></span> <span class='ocrx_word' id='word_1_177' title='bbox 1214 2751 1526 2810; x_wconf 86' lang='lat' dir='ltr'><strong>novum</strong></span> <span class='ocrx_word' id='word_1_178' title='bbox 1578 2732 2549 2837; x_wconf 68' lang='lat' dir='ltr'><strong>eonsensum1,praestare</strong></span> <span class='ocrx_word' id='word_1_179' title='bbox 2599 2711 3088 2814; x_wconf 71' lang='lat' dir='ltr'><strong>ullo‘modo</strong></span> <span class='ocrx_word' id='word_1_180' title='bbox 3127 2721 3506 2812; x_wconf 76' lang='lat' dir='ltr'><strong>debeant</strong></span> <span class='ocrx_word' id='word_1_181' title='bbox 3540 2784 3566 2828; x_wconf 91' lang='lat'><strong>,</strong></span> <span class='ocrx_word' id='word_1_182' title='bbox 3634 2749 3785 2812; x_wconf 86' lang='lat' dir='ltr'><strong>aut</strong></span> <span class='ocrx_word' id='word_1_183' title='bbox 3921 2817 3928 2824; x_wconf 68' lang='grc'><strong><em>,</em></strong></span> 
     </span>
    </p>
   </div>
   <div class='ocr_carea' id='block_1_8' title="bbox 394 2842 3806 5732">
    <p class='ocr_par' dir='ltr' id='par_1_8' title="bbox 394 2842 3806 5606">
     <span class='ocr_line' id='line_1_22' title="bbox 394 2842 3780 2962; baseline -0.001 -30"><span class='ocrx_word' id='word_1_184' title='bbox 394 2869 889 2955; x_wconf 81' lang='lat' dir='ltr'><strong>teneantur3</strong></span> <span class='ocrx_word' id='word_1_185' title='bbox 929 2843 1171 2930; x_wconf 86' lang='lat' dir='ltr'><strong>dictis</strong></span> <span class='ocrx_word' id='word_1_186' title='bbox 1217 2871 1421 2930; x_wconf 78' lang='lat' dir='ltr'><strong>vero</strong></span> <span class='ocrx_word' id='word_1_187' title='bbox 1479 2843 2616 2962; x_wconf 62' lang='lat' dir='ltr'><strong>Rroxincialibns,societatis</strong></span> <span class='ocrx_word' id='word_1_188' title='bbox 2661 2842 2904 2949; x_wconf 76' lang='lat' dir='ltr'><strong>Jesu,</strong></span> <span class='ocrx_word' id='word_1_189' title='bbox 2970 2864 3053 2932; x_wconf 84' lang='lat' dir='ltr'><strong>et</strong></span> <span class='ocrx_word' id='word_1_190' title='bbox 3103 2844 3614 2956; x_wconf 66' lang='lat' dir='ltr'><strong>Presbyter-is</strong></span> <span class='ocrx_word' id='word_1_191' title='bbox 3665 2845 3780 2934; x_wconf 87' lang='lat' dir='ltr'><strong>ab</strong></span> 
     </span>
     <span class='ocr_line' id='line_1_23' title="bbox 397 2960 3779 3083; baseline -0 -31"><span class='ocrx_word' id='word_1_192' title='bbox 397 2970 513 3052; x_wconf 87' lang='lat' dir='ltr'><strong>eis</strong></span> <span class='ocrx_word' id='word_1_193' title='bbox 565 2961 1064 3079; x_wconf 86' lang='lat' dir='ltr'><strong>deputandis</strong></span> <span class='ocrx_word' id='word_1_194' title='bbox 1103 3026 1127 3069; x_wconf 90' lang='lat'><strong>,</strong></span> <span class='ocrx_word' id='word_1_195' title='bbox 1193 2994 1525 3052; x_wconf 80' lang='lat' dir='ltr'><strong>necnon</strong></span> <span class='ocrx_word' id='word_1_196' title='bbox 1592 2960 2057 3054; x_wconf 83' lang='lat' dir='ltr'><strong>Ordinariis</strong></span> <span class='ocrx_word' id='word_1_197' title='bbox 2107 2963 2716 3052; x_wconf 81' lang='lat' dir='ltr'><strong>locorum-illos</strong></span> <span class='ocrx_word' id='word_1_198' title='bbox 2766 2967 2913 3083; x_wconf 87' lang='lat' dir='ltr'><strong>qui</strong></span> <span class='ocrx_word' id='word_1_199' title='bbox 2958 2966 3322 3079; x_wconf 72' lang='lat' dir='ltr'><strong>expirata</strong></span> <span class='ocrx_word' id='word_1_200' title='bbox 3384 2961 3779 3054; x_wconf 85' lang='lat' dir='ltr'><strong>facultate</strong></span> 
     </span>
     <span class='ocr_line' id='line_1_24' title="bbox 403 3079 3780 3205; baseline 0 -34"><span class='ocrx_word' id='word_1_201' title='bbox 403 3079 894 3199; x_wconf 85' lang='lat' dir='ltr'><strong>hujusmodi</strong></span> <span class='ocrx_word' id='word_1_202' title='bbox 942 3086 1274 3170; x_wconf 86' lang='lat' dir='ltr'><strong>interim</strong></span> <span class='ocrx_word' id='word_1_203' title='bbox 1331 3086 1451 3168; x_wconf 77' lang='lat' dir='ltr'><strong>usi</strong></span> <span class='ocrx_word' id='word_1_204' title='bbox 1506 3080 1858 3190; x_wconf 85' lang='lat' dir='ltr'><strong>suerint,</strong></span> <span class='ocrx_word' id='word_1_205' title='bbox 1898 3109 1996 3172; x_wconf 82' lang='lat' dir='ltr'><strong>ut</strong></span> <span class='ocrx_word' id='word_1_206' title='bbox 2038 3081 2514 3198; x_wconf 84' lang='lat' dir='ltr'><strong>praefertur.</strong></span> <span class='ocrx_word' id='word_1_207' title='bbox 2551 3119 2600 3173; x_wconf 79' lang='lat' dir='ltr'><strong>a</strong></span> <span class='ocrx_word' id='word_1_208' title='bbox 2710 3087 3321 3205; x_wconf 85' lang='lat' dir='ltr'><strong>uibuscumque</strong></span> <span class='ocrx_word' id='word_1_209' title='bbox 3374 3092 3780 3195; x_wconf 80' lang='lat' dir='ltr'><strong>censuris,</strong></span> 
     </span>
     <span class='ocr_line' id='line_1_25' title="bbox 405 3203 3806 3323; baseline 0.002 -32"><span class='ocrx_word' id='word_1_210' title='bbox 405 3237 500 3294; x_wconf 87' lang='lat' dir='ltr'><strong>ac</strong></span> <span class='ocrx_word' id='word_1_211' title='bbox 550 3205 839 3320; x_wconf 88' lang='lat' dir='ltr'><strong>poenis</strong></span> <span class='ocrx_word' id='word_1_212' title='bbox 886 3203 1483 3290; x_wconf 84' lang='lat' dir='ltr'><strong>Ecclesiasticis</strong></span> <span class='ocrx_word' id='word_1_213' title='bbox 1520 3266 1544 3307; x_wconf 93' lang='lat'><strong>,</strong></span> <span class='ocrx_word' id='word_1_214' title='bbox 1610 3227 2295 3320; x_wconf 72' lang='lat' dir='ltr'><strong>quas-propterea</strong></span> <span class='ocrx_word' id='word_1_215' title='bbox 2344 3236 2596 3323; x_wconf 85' lang='lat' dir='ltr'><strong>quom</strong></span> <span class='ocrx_word' id='word_1_216' title='bbox 2719 3206 2978 3292; x_wconf 90' lang='lat' dir='ltr'><strong>olibet</strong></span> <span class='ocrx_word' id='word_1_217' title='bbox 3037 3207 3571 3294; x_wconf 82' lang='lat' dir='ltr'><strong>incurrerunt</strong></span> <span class='ocrx_word' id='word_1_218' title='bbox 3635 3236 3806 3320; x_wconf 81' lang='lat' dir='ltr'><strong>pro,</strong></span> 
     </span>
     <span class='ocr_line' id='line_1_26' title="bbox 399 3319 3802 3424; baseline -0.001 -8"><span class='ocrx_word' id='word_1_219' title='bbox 399 3323 559 3416; x_wconf 79' lang='lat' dir='ltr'><strong>hae</strong></span> <span class='ocrx_word' id='word_1_220' title='bbox 605 3328 789 3411; x_wconf 83' lang='lat' dir='ltr'><strong>vice</strong></span> <span class='ocrx_word' id='word_1_221' title='bbox 841 3345 1166 3411; x_wconf 85' lang='lat' dir='ltr'><strong>tantum</strong></span> <span class='ocrx_word' id='word_1_222' title='bbox 1219 3323 1705 3410; x_wconf 83' lang='lat' dir='ltr'><strong>absolvendi</strong></span> <span class='ocrx_word' id='word_1_223' title='bbox 1756 3321 1973 3410; x_wconf 84' lang='lat' dir='ltr'><strong>dicta</strong></span> <span class='ocrx_word' id='word_1_224' title='bbox 2010 3329 2499 3415; x_wconf 82' lang='lat' dir='ltr'><strong>auctoritate</strong></span> <span class='ocrx_word' id='word_1_225' title='bbox 2551 3326 2846 3412; x_wconf 84' lang='lat' dir='ltr'><strong>harum</strong></span> <span class='ocrx_word' id='word_1_226' title='bbox 2898 3328 3106 3414; x_wconf 86' lang='lat' dir='ltr'><strong>serie</strong></span> <span class='ocrx_word' id='word_1_227' title='bbox 3153 3319 3634 3412; x_wconf 68' lang='lat' dir='ltr'><strong>facultatem</strong></span> <span class='ocrx_word' id='word_1_228' title='bbox 3670 3331 3802 3424; x_wconf 81' lang='lat' dir='ltr'><strong>si·,</strong></span> 
     </span>
     <span class='ocr_line' id='line_1_27' title="bbox 401 3443 3784 3560; baseline 0.001 -26"><span class='ocrx_word' id='word_1_229' title='bbox 401 3447 709 3534; x_wconf 83' lang='lat' dir='ltr'><strong>militer</strong></span> <span class='ocrx_word' id='word_1_230' title='bbox 757 3445 1257 3549; x_wconf 74' lang='lat' dir='ltr'><strong>tribuimuS,</strong></span> <span class='ocrx_word' id='word_1_231' title='bbox 1309 3466 1395 3532; x_wconf 91' lang='lat' dir='ltr'><strong>et</strong></span> <span class='ocrx_word' id='word_1_232' title='bbox 1454 3446 2000 3558; x_wconf 83' lang='lat' dir='ltr'><strong>impertimur.</strong></span> <span class='ocrx_word' id='word_1_233' title='bbox 2065 3445 2634 3536; x_wconf 77' lang='lat' dir='ltr'><strong>Decernentes</strong></span> <span class='ocrx_word' id='word_1_234' title='bbox 2683 3443 3013 3534; x_wconf 84' lang='lat' dir='ltr'><strong>easdem</strong></span> <span class='ocrx_word' id='word_1_235' title='bbox 3065 3467 3530 3560; x_wconf 82' lang='lat' dir='ltr'><strong>praesentes</strong></span> <span class='ocrx_word' id='word_1_236' title='bbox 3595 3448 3784 3536; x_wconf 84' lang='lat' dir='ltr'><strong>lite-</strong></span> 
     </span>
     <span class='ocr_line' id='line_1_28' title="bbox 401 3559 3794 3686; baseline -0 -35"><span class='ocrx_word' id='word_1_237' title='bbox 401 3597 527 3651; x_wconf 88' lang='lat' dir='ltr'><strong>ras</strong></span> <span class='ocrx_word' id='word_1_238' title='bbox 576 3563 852 3650; x_wconf 84' lang='lat' dir='ltr'><strong>firmas</strong></span> <span class='ocrx_word' id='word_1_239' title='bbox 887 3627 910 3670; x_wconf 86' lang='lat'><strong>,</strong></span> <span class='ocrx_word' id='word_1_240' title='bbox 978 3562 1289 3651; x_wconf 86' lang='lat' dir='ltr'><strong>validas</strong></span> <span class='ocrx_word' id='word_1_241' title='bbox 1325 3627 1350 3671; x_wconf 93' lang='lat'><strong>,</strong></span> <span class='ocrx_word' id='word_1_242' title='bbox 1417 3587 1500 3651; x_wconf 88' lang='lat' dir='ltr'><strong>et</strong></span> <span class='ocrx_word' id='word_1_243' title='bbox 1550 3559 1927 3652; x_wconf 82' lang='lat' dir='ltr'><strong>efficaces</strong></span> <span class='ocrx_word' id='word_1_244' title='bbox 1974 3568 2317 3654; x_wconf 76' lang='lat' dir='ltr'><strong>existere</strong></span> <span class='ocrx_word' id='word_1_245' title='bbox 2351 3629 2375 3673; x_wconf 89' lang='lat'><strong>,</strong></span> <span class='ocrx_word' id='word_1_246' title='bbox 2444 3592 2548 3655; x_wconf 91' lang='lat' dir='ltr'><strong>et·</strong></span> <span class='ocrx_word' id='word_1_247' title='bbox 2577 3563 2754 3656; x_wconf 88' lang='lat' dir='ltr'><strong>fore</strong></span> <span class='ocrx_word' id='word_1_248' title='bbox 2783 3627 2806 3673; x_wconf 91' lang='lat'>‚</span> <span class='ocrx_word' id='word_1_249' title='bbox 2871 3598 3230 3686; x_wconf 86' lang='lat' dir='ltr'><strong>suosque</strong></span> <span class='ocrx_word' id='word_1_250' title='bbox 3271 3567 3706 3680; x_wconf 83' lang='lat' dir='ltr'><strong>plenarios</strong></span> <span class='ocrx_word' id='word_1_251' title='bbox 3743 3630 3794 3673; x_wconf 78' lang='lat'><strong>,‚</strong></span> 
     </span>
     <span class='ocr_line' id='line_1_29' title="bbox 404 3682 3788 3804; baseline -0 -30"><span class='ocrx_word' id='word_1_252' title='bbox 404 3709 488 3774; x_wconf 90' lang='lat' dir='ltr'><strong>et</strong></span> <span class='ocrx_word' id='word_1_253' title='bbox 544 3687 902 3797; x_wconf 83' lang='lat' dir='ltr'><strong>integros</strong></span> <span class='ocrx_word' id='word_1_254' title='bbox 961 3682 1307 3772; x_wconf 82' lang='lat' dir='ltr'><strong>effectus</strong></span> <span class='ocrx_word' id='word_1_255' title='bbox 1358 3687 1694 3792; x_wconf 85' lang='lat' dir='ltr'><strong>sortiri,</strong></span> <span class='ocrx_word' id='word_1_256' title='bbox 1757 3706 1839 3771; x_wconf 90' lang='lat' dir='ltr'><strong>et</strong></span> <span class='ocrx_word' id='word_1_257' title='bbox 1891 3686 2269 3773; x_wconf 88' lang='lat' dir='ltr'><strong>obtinere</strong></span> <span class='ocrx_word' id='word_1_258' title='bbox 2307 3747 2333 3793; x_wconf 91' lang='lat'><strong>,</strong></span> <span class='ocrx_word' id='word_1_259' title='bbox 2417 3719 2514 3774; x_wconf 88' lang='lat' dir='ltr'><strong>ac</strong></span> <span class='ocrx_word' id='word_1_260' title='bbox 2600 3688 2762 3774; x_wconf 92' lang='lat' dir='ltr'><strong>illis</strong></span> <span class='ocrx_word' id='word_1_261' title='bbox 2811 3683 2915 3773; x_wconf 82' lang='lat' dir='ltr'><strong>ad</strong></span> <span class='ocrx_word' id='word_1_262' title='bbox 2983 3719 3193 3804; x_wconf 90' lang='lat' dir='ltr'><strong>quos</strong></span> <span class='ocrx_word' id='word_1_263' title='bbox 3259 3711 3634 3799; x_wconf 85' lang='lat' dir='ltr'><strong>spectat,</strong></span> <span class='ocrx_word' id='word_1_264' title='bbox 3702 3711 3788 3774; x_wconf 88' lang='lat' dir='ltr'><strong>et</strong></span> 
     </span>
     <span class='ocr_line' id='line_1_30' title="bbox 402 3805 3796 3920; baseline 0 -26"><span class='ocrx_word' id='word_1_265' title='bbox 402 3837 552 3920; x_wconf 87' lang='lat' dir='ltr'><strong>pro</strong></span> <span class='ocrx_word' id='word_1_266' title='bbox 606 3829 970 3918; x_wconf 88' lang='lat' dir='ltr'><strong>tempore</strong></span> <span class='ocrx_word' id='word_1_267' title='bbox 1020 3806 1476 3919; x_wconf 85' lang='lat' dir='ltr'><strong>spectabit,</strong></span> <span class='ocrx_word' id='word_1_268' title='bbox 1540 3806 1626 3889; x_wconf 88' lang='lat' dir='ltr'><strong>in</strong></span> <span class='ocrx_word' id='word_1_269' title='bbox 1681 3807 2127 3910; x_wconf 87' lang='lat' dir='ltr'><strong>omnibus,</strong></span> <span class='ocrx_word' id='word_1_270' title='bbox 2188 3828 2273 3893; x_wconf 89' lang='lat' dir='ltr'><strong>et</strong></span> <span class='ocrx_word' id='word_1_271' title='bbox 2326 3839 2470 3919; x_wconf 89' lang='lat' dir='ltr'><strong>per</strong></span> <span class='ocrx_word' id='word_1_272' title='bbox 2521 3810 2796 3898; x_wconf 84' lang='lat' dir='ltr'><strong>omnia</strong></span> <span class='ocrx_word' id='word_1_273' title='bbox 2852 3808 3322 3920; x_wconf 84' lang='lat' dir='ltr'><strong>plenissime</strong></span> <span class='ocrx_word' id='word_1_274' title='bbox 3375 3805 3796 3918; x_wconf 60' lang='lat' dir='ltr'><strong>suffragat:</strong></span> 
     </span>
     <span class='ocr_line' id='line_1_31' title="bbox 406 3925 3775 4046; baseline 0 -33"><span class='ocrx_word' id='word_1_275' title='bbox 406 3931 473 4013; x_wconf 80' lang='lat' dir='ltr'><strong>ri</strong></span> <span class='ocrx_word' id='word_1_276' title='bbox 510 3990 534 4036; x_wconf 83' lang='lat'><strong>,</strong></span> <span class='ocrx_word' id='word_1_277' title='bbox 588 3948 673 4012; x_wconf 86' lang='lat' dir='ltr'><strong>et</strong></span> <span class='ocrx_word' id='word_1_278' title='bbox 718 3925 826 4012; x_wconf 85' lang='lat' dir='ltr'><strong>ab</strong></span> <span class='ocrx_word' id='word_1_279' title='bbox 886 3928 1003 4014; x_wconf 87' lang='lat' dir='ltr'><strong>eis</strong></span> <span class='ocrx_word' id='word_1_280' title='bbox 1056 3929 1506 4044; x_wconf 87' lang='lat' dir='ltr'><strong>respective</strong></span> <span class='ocrx_word' id='word_1_281' title='bbox 1584 3926 2175 4014; x_wconf 78' lang='lat' dir='ltr'><strong>inviolabiliter</strong></span> <span class='ocrx_word' id='word_1_282' title='bbox 2257 3927 2740 4034; x_wconf 87' lang='lat' dir='ltr'><strong>observari,</strong></span> <span class='ocrx_word' id='word_1_283' title='bbox 2805 3929 3092 4046; x_wconf 90' lang='lat' dir='ltr'><strong>sicque</strong></span> <span class='ocrx_word' id='word_1_284' title='bbox 3158 3931 3242 4011; x_wconf 89' lang='lat' dir='ltr'><strong>in</strong></span> <span class='ocrx_word' id='word_1_285' title='bbox 3311 3929 3775 4042; x_wconf 83' lang='lat' dir='ltr'><strong>praemissis</strong></span> 
     </span>
     <span class='ocr_line' id='line_1_32' title="bbox 404 4043 3798 4163; baseline -0 -28"><span class='ocrx_word' id='word_1_286' title='bbox 404 4078 553 4163; x_wconf 81' lang='lat' dir='ltr'><strong>per</strong></span> <span class='ocrx_word' id='word_1_287' title='bbox 603 4075 1007 4163; x_wconf 85' lang='lat' dir='ltr'><strong>quoscum</strong></span> <span class='ocrx_word' id='word_1_288' title='bbox 1074 4078 1178 4134; x_wconf 91' lang='lat' dir='ltr'><strong>ue</strong></span> <span class='ocrx_word' id='word_1_289' title='bbox 1252 4046 1304 4130; x_wconf 85' lang='lat' dir='ltr'><strong>J</strong></span> <span class='ocrx_word' id='word_1_290' title='bbox 1313 4043 1593 4134; x_wconf 82' lang='lat' dir='ltr'><strong>udices</strong></span> <span class='ocrx_word' id='word_1_291' title='bbox 1644 4044 2098 4136; x_wconf 81' lang='lat' dir='ltr'><strong>ordinarios</strong></span> <span class='ocrx_word' id='word_1_292' title='bbox 2134 4111 2162 4154; x_wconf 82' lang='lat'><strong>,</strong></span> <span class='ocrx_word' id='word_1_293' title='bbox 2226 4070 2312 4133; x_wconf 89' lang='lat' dir='ltr'><strong>et</strong></span> <span class='ocrx_word' id='word_1_294' title='bbox 2363 4046 2782 4158; x_wconf 82' lang='lat' dir='ltr'><strong>delegatos</strong></span> <span class='ocrx_word' id='word_1_295' title='bbox 2829 4051 3078 4135; x_wconf 87' lang='lat' dir='ltr'><strong>etiam</strong></span> <span class='ocrx_word' id='word_1_296' title='bbox 3127 4071 3281 4132; x_wconf 88' lang='lat' dir='ltr'><strong>etc.</strong></span> <span class='ocrx_word' id='word_1_297' title='bbox 3354 4046 3798 4138; x_wconf 78' lang='lat' dir='ltr'><strong>auditores,</strong></span> 
     </span>
     <span class='ocr_line' id='line_1_33' title="bbox 408 4162 3772 4288; baseline 0 -38"><span class='ocrx_word' id='word_1_298' title='bbox 408 4163 761 4280; x_wconf 60' lang='lat' dir='ltr'><strong>iudicari</strong></span> <span class='ocrx_word' id='word_1_299' title='bbox 801 4229 829 4268; x_wconf 87' lang='lat'><strong>,</strong></span> <span class='ocrx_word' id='word_1_300' title='bbox 883 4188 967 4252; x_wconf 88' lang='lat' dir='ltr'><strong>et</strong></span> <span class='ocrx_word' id='word_1_301' title='bbox 1064 4162 1343 4256; x_wconf 58' lang='lat' dir='ltr'><strong>&#39;efiniri</strong></span> <span class='ocrx_word' id='word_1_302' title='bbox 1395 4163 1699 4256; x_wconf 89' lang='lat' dir='ltr'><strong>debere</strong></span> <span class='ocrx_word' id='word_1_303' title='bbox 1725 4227 1759 4269; x_wconf 82' lang='lat'><strong>,</strong></span> <span class='ocrx_word' id='word_1_304' title='bbox 1822 4196 1916 4254; x_wconf 86' lang='lat' dir='ltr'><strong>ac</strong></span> <span class='ocrx_word' id='word_1_305' title='bbox 1957 4169 2279 4288; x_wconf 69' lang='lat' dir='ltr'><strong>irritum</strong></span> <span class='ocrx_word' id='word_1_306' title='bbox 2328 4192 2484 4256; x_wconf 88' lang='lat' dir='ltr'><strong>eto.</strong></span> <span class='ocrx_word' id='word_1_307' title='bbox 2539 4171 2944 4256; x_wconf 87' lang='lat' dir='ltr'><strong>attentari.</strong></span> <span class='ocrx_word' id='word_1_308' title='bbox 3001 4167 3189 4254; x_wconf 91' lang='lat' dir='ltr'><strong>Non</strong></span> <span class='ocrx_word' id='word_1_309' title='bbox 3244 4167 3772 4254; x_wconf 83' lang='lat' dir='ltr'><strong>obstantibus</strong></span> 
     </span>
     <span class='ocr_line' id='line_1_34' title="bbox 412 4283 3782 4405; baseline 0 -33"><span class='ocrx_word' id='word_1_310' title='bbox 412 4283 979 4399; x_wconf 79' lang='lat' dir='ltr'><strong>Apostolicis&#39;,</strong></span> <span class='ocrx_word' id='word_1_311' title='bbox 1043 4318 1138 4371; x_wconf 88' lang='lat' dir='ltr'><strong>ao</strong></span> <span class='ocrx_word' id='word_1_312' title='bbox 1216 4287 1299 4374; x_wconf 86' lang='lat' dir='ltr'><strong>in</strong></span> <span class='ocrx_word' id='word_1_313' title='bbox 1368 4286 2032 4389; x_wconf 78' lang='lat' dir='ltr'><strong>universalibus,</strong></span> <span class='ocrx_word' id='word_1_314' title='bbox 2101 4287 2930 4405; x_wconf 73' lang='lat' dir='ltr'><strong>provincialibusque</strong></span> <span class='ocrx_word' id='word_1_315' title='bbox 2979 4351 3006 4393; x_wconf 88' lang='lat'><strong>,</strong></span> <span class='ocrx_word' id='word_1_316' title='bbox 3071 4309 3154 4376; x_wconf 88' lang='lat' dir='ltr'><strong>et</strong></span> <span class='ocrx_word' id='word_1_317' title='bbox 3219 4285 3782 4400; x_wconf 77' lang='lat' dir='ltr'><strong>synodalibus</strong></span> 
     </span>
     <span class='ocr_line' id='line_1_35' title="bbox 412 4402 3783 4518; baseline 0.001 -29"><span class='ocrx_word' id='word_1_318' title='bbox 412 4403 816 4502; x_wconf 85' lang='lat' dir='ltr'><strong>Conciliis</strong></span> <span class='ocrx_word' id='word_1_319' title='bbox 866 4402 1108 4489; x_wconf 87' lang='lat' dir='ltr'><strong>editis</strong></span> <span class='ocrx_word' id='word_1_320' title='bbox 1156 4404 1681 4515; x_wconf 80' lang='lat' dir='ltr'><strong>generalibus</strong></span> <span class='ocrx_word' id='word_1_321' title='bbox 1713 4469 1737 4511; x_wconf 91' lang='lat'>‚</span> <span class='ocrx_word' id='word_1_322' title='bbox 1776 4407 1933 4493; x_wconf 75' lang='lat' dir='ltr'><strong>,vel</strong></span> <span class='ocrx_word' id='word_1_323' title='bbox 1982 4408 2480 4518; x_wconf 80' lang='lat' dir='ltr'><strong>specialibus</strong></span> <span class='ocrx_word' id='word_1_324' title='bbox 2529 4408 3288 4496; x_wconf 85' lang='lat' dir='ltr'><strong>Constitutionibus</strong></span> <span class='ocrx_word' id='word_1_325' title='bbox 3323 4471 3345 4514; x_wconf 90' lang='lat'>‚</span> <span class='ocrx_word' id='word_1_326' title='bbox 3413 4432 3499 4495; x_wconf 92' lang='lat' dir='ltr'><strong>et</strong></span> <span class='ocrx_word' id='word_1_327' title='bbox 3561 4403 3783 4494; x_wconf 91' lang='lat' dir='ltr'><strong>ordi-</strong></span> 
     </span>
     <span class='ocr_line' id='line_1_36' title="bbox 412 4524 3780 4645; baseline 0 -30"><span class='ocrx_word' id='word_1_328' title='bbox 412 4524 943 4630; x_wconf 79' lang='lat' dir='ltr'><strong>nationibus,</strong></span> <span class='ocrx_word' id='word_1_329' title='bbox 1017 4556 1115 4612; x_wconf 87' lang='lat' dir='ltr'><strong>ac</strong></span> <span class='ocrx_word' id='word_1_330' title='bbox 1188 4548 1613 4645; x_wconf 79' lang='lat' dir='ltr'><strong>quatenus.</strong></span> <span class='ocrx_word' id='word_1_331' title='bbox 1674 4557 1883 4641; x_wconf 85' lang='lat' dir='ltr'><strong>opus</strong></span> <span class='ocrx_word' id='word_1_332' title='bbox 1931 4529 2092 4632; x_wconf 87' lang='lat' dir='ltr'><strong>sit,</strong></span> <span class='ocrx_word' id='word_1_333' title='bbox 2156 4529 2592 4643; x_wconf 85' lang='lat' dir='ltr'><strong>quibusvis</strong></span> <span class='ocrx_word' id='word_1_334' title='bbox 2667 4533 2914 4620; x_wconf 84' lang='lat' dir='ltr'><strong>etiam</strong></span> <span class='ocrx_word' id='word_1_335' title='bbox 2969 4554 3126 4615; x_wconf 83' lang='lat' dir='ltr'><strong>etc.</strong></span> <span class='ocrx_word' id='word_1_336' title='bbox 3222 4530 3621 4636; x_wconf 86' lang='lat' dir='ltr'><strong>Statutis,</strong></span> <span class='ocrx_word' id='word_1_337' title='bbox 3691 4553 3780 4615; x_wconf 83' lang='lat' dir='ltr'><strong>et</strong></span> 
     </span>
     <span class='ocr_line' id='line_1_37' title="bbox 410 4643 3786 4760; baseline 0.001 -29"><span class='ocrx_word' id='word_1_338' title='bbox 410 4643 1158 4736; x_wconf 83' lang='lat' dir='ltr'><strong>consuetudinibus</strong></span> <span class='ocrx_word' id='word_1_339' title='bbox 1195 4646 1732 4760; x_wconf 67' lang='lat' dir='ltr'><strong>,privilegiis</strong></span> <span class='ocrx_word' id='word_1_340' title='bbox 1779 4669 1934 4736; x_wconf 86' lang='lat' dir='ltr'><strong>eto.</strong></span> <span class='ocrx_word' id='word_1_341' title='bbox 1993 4649 2428 4734; x_wconf 85' lang='lat' dir='ltr'><strong>innovatis.</strong></span> <span class='ocrx_word' id='word_1_342' title='bbox 2493 4650 2829 4758; x_wconf 85' lang='lat' dir='ltr'><strong>Quibus</strong></span> <span class='ocrx_word' id='word_1_343' title='bbox 2880 4650 3265 4742; x_wconf 77' lang='lat' dir='ltr'><strong>omnibns</strong></span> <span class='ocrx_word' id='word_1_344' title='bbox 3296 4703 3334 4757; x_wconf 86' lang='lat'><strong>,-</strong></span> <span class='ocrx_word' id='word_1_345' title='bbox 3376 4674 3460 4736; x_wconf 90' lang='lat' dir='ltr'><strong>et</strong></span> <span class='ocrx_word' id='word_1_346' title='bbox 3508 4654 3786 4759; x_wconf 86' lang='lat' dir='ltr'><strong>singu-</strong></span> 
     </span>
     <span class='ocr_line' id='line_1_38' title="bbox 407 4766 3787 4888; baseline 0.002 -36"><span class='ocrx_word' id='word_1_347' title='bbox 407 4767 507 4852; x_wconf 86' lang='lat' dir='ltr'><strong>lis</strong></span> <span class='ocrx_word' id='word_1_348' title='bbox 576 4766 906 4856; x_wconf 84' lang='lat' dir='ltr'><strong>illorum</strong></span> <span class='ocrx_word' id='word_1_349' title='bbox 976 4790 1300 4858; x_wconf 85' lang='lat' dir='ltr'><strong>tenores</strong></span> <span class='ocrx_word' id='word_1_350' title='bbox 1357 4783 1512 4854; x_wconf 82' lang='lat' dir='ltr'><strong>etc.</strong></span> <span class='ocrx_word' id='word_1_351' title='bbox 1581 4770 2039 4886; x_wconf 82' lang='lat' dir='ltr'><strong>ceterisque</strong></span> <span class='ocrx_word' id='word_1_352' title='bbox 2091 4774 2554 4858; x_wconf 73' lang='lat' dir='ltr'><strong>contrariis·</strong></span> <span class='ocrx_word' id='word_1_353' title='bbox 2606 4772 3303 4888; x_wconf 75' lang='lat' dir='ltr'><strong>quibuscnmque.</strong></span> <span class='ocrx_word' id='word_1_354' title='bbox 3369 4771 3787 4866; x_wconf 82' lang='lat' dir='ltr'><strong>Volumus</strong></span> 
     </span>
     <span class='ocr_line' id='line_1_39' title="bbox 412 4886 3785 5006; baseline 0 -30"><span class='ocrx_word' id='word_1_355' title='bbox 412 4909 688 4976; x_wconf 80' lang='lat' dir='ltr'><strong>autem</strong></span> <span class='ocrx_word' id='word_1_356' title='bbox 716 4947 747 4990; x_wconf 86' lang='lat'><strong>,</strong></span> <span class='ocrx_word' id='word_1_357' title='bbox 800 4909 919 4974; x_wconf 70' lang='grc' dir='ltr'><strong>,ιιι</strong></span> <span class='ocrx_word' id='word_1_358' title='bbox 945 4886 1445 4982; x_wconf 80' lang='lat' dir='ltr'><strong>earumdem.</strong></span> <span class='ocrx_word' id='word_1_359' title='bbox 1477 4889 2029 5002; x_wconf 78' lang='lat' dir='ltr'><strong>praesentium</strong></span> <span class='ocrx_word' id='word_1_360' title='bbox 2074 4888 2505 4978; x_wconf 39' lang='lat' dir='ltr'><strong>,literarum</strong></span> <span class='ocrx_word' id='word_1_361' title='bbox 2560 4894 3145 5006; x_wconf 85' lang='lat' dir='ltr'><strong>transumptis,</strong></span> <span class='ocrx_word' id='word_1_362' title='bbox 3197 4922 3343 4979; x_wconf 86' lang='lat' dir='ltr'><strong>seu</strong></span> <span class='ocrx_word' id='word_1_363' title='bbox 3395 4892 3785 5003; x_wconf 82' lang='lat' dir='ltr'><strong>exemplis</strong></span> 
     </span>
     <span class='ocr_line' id='line_1_40' title="bbox 408 4999 3778 5125; baseline 0.001 -32"><span class='ocrx_word' id='word_1_364' title='bbox 408 5010 658 5093; x_wconf 89' lang='lat' dir='ltr'><strong>etiam</strong></span> <span class='ocrx_word' id='word_1_365' title='bbox 742 5010 1155 5120; x_wconf 83' lang='lat' dir='ltr'><strong>impressis</strong></span> <span class='ocrx_word' id='word_1_366' title='bbox 1234 5008 1900 5123; x_wconf 48' lang='lat' dir='ltr'><strong>manuaalicujus</strong></span> <span class='ocrx_word' id='word_1_367' title='bbox 1946 4999 2295 5101; x_wconf 74' lang='lat' dir='ltr'><strong>Notat-ii</strong></span> <span class='ocrx_word' id='word_1_368' title='bbox 2372 5011 2749 5125; x_wconf 83' lang='lat' dir='ltr'><strong>publici,</strong></span> <span class='ocrx_word' id='word_1_369' title='bbox 2822 5011 2956 5098; x_wconf 86' lang='lat' dir='ltr'><strong>vel</strong></span> <span class='ocrx_word' id='word_1_370' title='bbox 3005 5012 3439 5102; x_wconf 82' lang='lat' dir='ltr'><strong>Secretarii</strong></span> <span class='ocrx_word' id='word_1_371' title='bbox 3507 5009 3778 5097; x_wconf 86' lang='lat' dir='ltr'><strong>dictae</strong></span> 
     </span>
     <span class='ocr_line' id='line_1_41' title="bbox 416 5105 3786 5248; baseline 0 -34"><span class='ocrx_word' id='word_1_372' title='bbox 416 5128 841 5214; x_wconf 77' lang='lat' dir='ltr'><strong>societatis</strong></span> <span class='ocrx_word' id='word_1_373' title='bbox 887 5105 1089 5214; x_wconf 54' lang='lat' dir='ltr'><strong>lesu</strong></span> <span class='ocrx_word' id='word_1_374' title='bbox 1138 5126 1623 5240; x_wconf 82' lang='lat' dir='ltr'><strong>subscriptis</strong></span> <span class='ocrx_word' id='word_1_375' title='bbox 1644 5189 1717 5232; x_wconf 52' lang='lat' dir='ltr'><strong>q.</strong></span> <span class='ocrx_word' id='word_1_376' title='bbox 1747 5153 1830 5217; x_wconf 89' lang='lat' dir='ltr'><strong>et</strong></span> <span class='ocrx_word' id='word_1_377' title='bbox 1876 5127 2144 5241; x_wconf 84' lang='lat' dir='ltr'><strong>sigillo</strong></span> <span class='ocrx_word' id='word_1_378' title='bbox 2195 5129 2641 5245; x_wconf 82' lang='lat' dir='ltr'><strong>Praepositi</strong></span> <span class='ocrx_word' id='word_1_379' title='bbox 2718 5131 3149 5220; x_wconf 82' lang='lat' dir='ltr'><strong>Generalis</strong></span> <span class='ocrx_word' id='word_1_380' title='bbox 3197 5129 3569 5248; x_wconf 87' lang='lat' dir='ltr'><strong>ejusdem</strong></span> <span class='ocrx_word' id='word_1_381' title='bbox 3638 5131 3786 5228; x_wconf 46' lang='lat' dir='ltr'><strong>So}</strong></span> 
     </span>
     <span class='ocr_line' id='line_1_42' title="bbox 413 5247 3789 5363; baseline 0.001 -30"><span class='ocrx_word' id='word_1_382' title='bbox 413 5250 780 5355; x_wconf 88' lang='lat' dir='ltr'><strong>cietatis,</strong></span> <span class='ocrx_word' id='word_1_383' title='bbox 829 5249 963 5336; x_wconf 78' lang='lat' dir='ltr'><strong>vel</strong></span> <span class='ocrx_word' id='word_1_384' title='bbox 1016 5247 1353 5334; x_wconf 80' lang='lat' dir='ltr'><strong>alterius</strong></span> <span class='ocrx_word' id='word_1_385' title='bbox 1404 5277 1799 5359; x_wconf 83' lang='lat' dir='ltr'><strong>personae</strong></span> <span class='ocrx_word' id='word_1_386' title='bbox 1856 5251 1937 5335; x_wconf 92' lang='lat' dir='ltr'><strong>in</strong></span> <span class='ocrx_word' id='word_1_387' title='bbox 1995 5250 2570 5339; x_wconf 83' lang='lat' dir='ltr'><strong>Ecclesiastica</strong></span> <span class='ocrx_word' id='word_1_388' title='bbox 2600 5251 3028 5363; x_wconf 83' lang='lat' dir='ltr'><strong>Dignitate</strong></span> <span class='ocrx_word' id='word_1_389' title='bbox 3066 5258 3555 5340; x_wconf 79' lang='lat' dir='ltr'><strong>constitutae</strong></span> <span class='ocrx_word' id='word_1_390' title='bbox 3605 5282 3789 5336; x_wconf 89' lang='lat' dir='ltr'><strong>mu·</strong></span> 
     </span>
     <span class='ocr_line' id='line_1_43' title="bbox 415 5364 3778 5491; baseline 0.001 -33"><span class='ocrx_word' id='word_1_391' title='bbox 415 5370 612 5466; x_wconf 72' lang='lat' dir='ltr'><strong>,nitis</strong></span> <span class='ocrx_word' id='word_1_392' title='bbox 670 5366 963 5458; x_wconf 81' lang='lat' dir='ltr'><strong>eadem</strong></span> <span class='ocrx_word' id='word_1_393' title='bbox 1010 5399 1347 5483; x_wconf 86' lang='lat' dir='ltr'><strong>prorsus</strong></span> <span class='ocrx_word' id='word_1_394' title='bbox 1394 5364 1599 5454; x_wconf 72' lang='lat' dir='ltr'><strong>fides</strong></span> <span class='ocrx_word' id='word_1_395' title='bbox 1662 5370 1747 5456; x_wconf 88' lang='lat' dir='ltr'><strong>in</strong></span> <span class='ocrx_word' id='word_1_396' title='bbox 1798 5368 1848 5454; x_wconf 80' lang='lat' dir='ltr'>J</span> <span class='ocrx_word' id='word_1_397' title='bbox 1862 5366 2193 5477; x_wconf 79' lang='lat' dir='ltr'><strong>udicio,</strong></span> <span class='ocrx_word' id='word_1_398' title='bbox 2255 5397 2338 5459; x_wconf 90' lang='lat' dir='ltr'><strong>et</strong></span> <span class='ocrx_word' id='word_1_399' title='bbox 2390 5395 2610 5461; x_wconf 84' lang='lat' dir='ltr'><strong>extra</strong></span> <span class='ocrx_word' id='word_1_400' title='bbox 2662 5372 3157 5462; x_wconf 87' lang='lat' dir='ltr'><strong>adhibeatur</strong></span> <span class='ocrx_word' id='word_1_401' title='bbox 3193 5438 3218 5480; x_wconf 92' lang='lat'><strong>,</strong></span> <span class='ocrx_word' id='word_1_402' title='bbox 3282 5399 3495 5491; x_wconf 86' lang='lat' dir='ltr'><strong>quae</strong></span> <span class='ocrx_word' id='word_1_403' title='bbox 3548 5403 3778 5487; x_wconf 81' lang='lat' dir='ltr'><strong>prae·</strong></span> 
     </span>
     <span class='ocr_line' id='line_1_44' title="bbox 420 5483 3329 5606; baseline 0.001 -30"><span class='ocrx_word' id='word_1_404' title='bbox 420 5490 802 5578; x_wconf 83' lang='lat' dir='ltr'><strong>sentibus</strong></span> <span class='ocrx_word' id='word_1_405' title='bbox 850 5490 1046 5606; x_wconf 72' lang='lat' dir='ltr'><strong>ipsis</strong></span> <span class='ocrx_word' id='word_1_406' title='bbox 1108 5483 1644 5578; x_wconf 84' lang='lat' dir='ltr'><strong>adhiberetur</strong></span> <span class='ocrx_word' id='word_1_407' title='bbox 1678 5552 1706 5598; x_wconf 89' lang='lat'><strong>,</strong></span> <span class='ocrx_word' id='word_1_408' title='bbox 1772 5492 1838 5578; x_wconf 86' lang='lat' dir='ltr'><strong>si</strong></span> <span class='ocrx_word' id='word_1_409' title='bbox 1889 5485 2167 5586; x_wconf 81' lang='lat' dir='ltr'><strong>forent</strong></span> <span class='ocrx_word' id='word_1_410' title='bbox 2208 5492 2622 5582; x_wconf 76' lang='lat' dir='ltr'><strong>exhibitae</strong></span> <span class='ocrx_word' id='word_1_411' title='bbox 2654 5557 2681 5600; x_wconf 86' lang='lat'>‚</span> <span class='ocrx_word' id='word_1_412' title='bbox 2744 5495 2882 5586; x_wconf 64' lang='lat' dir='ltr'><strong>vel</strong></span> <span class='ocrx_word' id='word_1_413' title='bbox 2933 5516 3329 5582; x_wconf 81' lang='lat' dir='ltr'><strong>ostensae.</strong></span> 
     </span>
    </p>

    <p class='ocr_par' dir='ltr' id='par_1_9' title="bbox 442 5605 3783 5732">
     <span class='ocr_line' id='line_1_45' title="bbox 442 5605 3783 5732; baseline 0.002 -34"><span class='ocrx_word' id='word_1_414' title='bbox 442 5675 451 5688; x_wconf 88' lang='lat'>.</span> <span class='ocrx_word' id='word_1_415' title='bbox 538 5605 861 5702; x_wconf 83' lang='lat' dir='ltr'><strong>Datum</strong></span> <span class='ocrx_word' id='word_1_416' title='bbox 913 5611 1221 5704; x_wconf 51' lang='lat' dir='ltr'><strong>Romae</strong></span> <span class='ocrx_word' id='word_1_417' title='bbox 1281 5607 1505 5727; x_wconf 87' lang='lat' dir='ltr'><strong>apud</strong></span> <span class='ocrx_word' id='word_1_418' title='bbox 1556 5613 1940 5706; x_wconf 83' lang='lat' dir='ltr'><strong>Sanctam</strong></span> <span class='ocrx_word' id='word_1_419' title='bbox 2010 5610 2361 5702; x_wconf 84' lang='lat' dir='ltr'><strong>Mariam</strong></span> <span class='ocrx_word' id='word_1_420' title='bbox 2433 5616 2838 5732; x_wconf 83' lang='lat' dir='ltr'><strong>Majorem</strong></span> <span class='ocrx_word' id='word_1_421' title='bbox 2908 5616 3066 5706; x_wconf 85' lang='lat' dir='ltr'><strong>sub</strong></span> <span class='ocrx_word' id='word_1_422' title='bbox 3118 5616 3461 5705; x_wconf 86' lang='lat' dir='ltr'><strong>Annulo</strong></span> <span class='ocrx_word' id='word_1_423' title='bbox 3517 5614 3783 5708; x_wconf 83' lang='lat' dir='ltr'><strong>Pisca-</strong></span> 
     </span>
    </p>
   </div>
   <div class='ocr_carea' id='block_1_9' title="bbox 4811 4771 4822 5190">
    <p class='ocr_par' dir='ltr' id='par_1_10' title="bbox 4811 4771 4822 5190">
     <span class='ocr_line' id='line_1_46' title="bbox 4811 4771 4822 5190; textangle 90"><span class='ocrx_word' id='word_1_424' title='bbox 4811 5175 4820 5190; x_wconf 78' lang='grc' dir='ltr'><strong>ιι-</strong></span> <span class='ocrx_word' id='word_1_425' title='bbox 4811 4927 4822 5118; x_wconf 75' lang='lat'><strong>-——-.-</strong></span> <span class='ocrx_word' id='word_1_426' title='bbox 4813 4771 4822 4908; x_wconf 56' lang='lat'><strong>...—1</strong></span> 
     </span>
    </p>
   </div>
  </div>
 </body>
</html>
