4834 6409
3609 470 3718 561 §8

468 596 1066 715 .Confie·matio
1119 594 1638 717 Regularum
1682 626 1869 714 pro.
1913 595 2377 685 Monach'is
2433 595 2788 685 Graecis
2837 591 3288 685 Melchitis
3352 505 3788 707 nuncnpg·

400 708 409 718 ’
625 722 735 803 tis
795 720 1495 837 Congregationis
1547 718 1633 802 S.
1684 717 2036 805 Ioannis
2098 720 2562 833 Baptistae·
2609 721 2699 801 in
2750 716 3048 803 Soairo
3114 719 3207 799 in
3289 716 3595 800 Monte
3641 713 3792 799 Li-

626 839 842 922 bano
873 903 901 945 ‚
953 840 1268 935 Romae
1316 836 1802 956 degentibus
1864 837 1983 923 ad
2059 840 2147 927 S.
2201 842 2560 925 Mariae
2654 842 2746 921 in
2805 838 3236 923 Domnica
3272 897 3299 942 ‚
3360 866 3583 953 quae
3632 831 3791 921 Ee-

622 957 881 1045 clesia
929 990 1127 1045 cum
1173 962 1558 1045 omnibus
1608 956 2182 1075 dependentiis
2228 954 2555 1047 eisdem
2623 955 3143 1044 conceditur.

1144 1132 1551 1315 CLE
1606 1200 1877 1313 ME
1934 1198 2173 1314 Ns
2308 1196 2398 1312 P
2453 1195 2578 1311 P.
2702 1168 3022 1345 ΧΠ.

1387 1442 1545 1529 Ad
1576 1444 1981 1559 futuram
2045 1450 2182 1530 rei
2238 1446 2771 1531 memoriam.

516 1589 740 1775 Sol
798 1683 1182 1772 Iustitiae
1229 1685 1469 1775 Jesus
1521 1687 1903 1774 Christus
1968 1686 2203 1774 Fidei
2258 1709 2583 1776 nostrae
2647 1689 2968 1774 Auctor
3004 1748 3029 1793 ‚
3085 1706 3166 1772 et
3219 1706 3781 1791 consumator,
3803 1676 4163 1748 Praemium

381 1809 529 1925 qui
580 1808 794 1892 sicut
858 1808 1134 1925 aquila
1185 1812 1641 1919 provocans
1703 1804 1808 1892 ad
1877 1806 2335 1896 volandum
2388 1810 2664 1922 pullos
2711 1837 2901 1894 suos
2936 1871 2962 1914 ,
3017 1829 3100 1893 et
3149 1835 3398 1918 super
3450 1838 3591 1891 eos
3640 1836 3784 1892 vo-

383 1927 629 2012 litans
680 1924 1071 2040 expandit
1119 1928 1286 2013 alas
1347 1963 1532 2016 suas
1568 1993 1599 2033 ,
1658 1932 2462 2043 et2assumpsit·eoS‚
2529 1953 2781 2046 atque
2828 1928 3187 2043 portavit
3256 1931 3339 2012 in
3415 1925 3785 2013 humeris

381 2049 548 2131 suis
587 2108 612 2145 ‚
672 2044 1054 2133 Gallinae
1121 2078 1460 2168 quoque
1507 2047 2138 2135 similitudinem
2191 2052 2765 2161 congregantis
2815 2050 2974 2134 sub
3036 2049 3202 2134 alas
3268 2046 3539 2161 pullos
3590 2078 3778 2132 suos

360 2180 798 2252 ‘assumere
851 2167 1209 2270 voluit,
1243 2171 1460 2257 inter
1522 2173 1959 2285 praecipua
2013 2168 2815 2256 divinae'charitatis
2867 2190 3346 2255 ornamenta
3415 2165 3783 2253 Catholi-

387 2318 529 2372 cae
581 2287 1004 2373 Ecclesiae
1058 2288 1425 2402 Sponsae
1471 2322 1666 2377 suae
1704 2291 1993 2399 legata,
2038 2288 2197 2376 hoc
2247 2322 2443 2404 prae
2496 2293 2788 2377 ceteris
2840 2293 2923 2375 in
2960 2285 3148 2374 'fine
3201 2285 3785 2375 commendare

385 2400 771 2517 dignatus
821 2431 942 2494 est
975 2472 1006 2513 ,
1069 2432 1165 2493 ut
1215 2433 1613 2531 tanquam
1667 2412 2133 2499 communis
2210 2416 2587 2499 omnium
2669 2407 3046 2496 fidelium
3139 2431 3400 2494 mater
3451 2439 3545 2494 ex
3596 2410 3782 2492 uni·

328 2596 335 2609 .
380 2529 635 2614 versis
668 2591 698 2629 ,
762 2558 974 2644 quae
1022 2532 1184 2615 sub
1233 2529 1497 2619 Coelo
1546 2554 1805 2636 sunt„
1875 2530 2353 2615 nationibus
2404 2529 2620 2615 fili'os
2687 2528 2790 2617 ad
2845 2533 3102 2645 ipsius
3162 2533 3436 2614 sinum
3493 2559 3775 2613 accur·

384 2668 656 2732 rentes
708 2651 1264 2737 amantissime
1312 2653 1773 2762 exciperet,
1806 2679 1901 2735 ac
1950 2647 2291 2735 foveret.
2329 2650 2455 2735 Ea
2510 2672 2841 2764 propter
2880 2650 3303 2734 Romanae
3352 2648 3778 2733 Ecclesiae

382 2764 706 2852 Summi
764 2767 1207 2856 Pontifices
1277 2769 1956 2857 praedecessores
2021 2772 2330 2876 nostri,
2409 2801 2618 2886 quos
2680 2800 2870 2855 suos
2931 2773 3018 2853 in
3074 2769 3354 2854 Terris
3399 2768 3778 2854 Vicarios

384 2915 653 3002 usque
717 2885 822 2970 ad
874 2893 1584 2997 consumationem
1644 2890 1975 2977 'Saeculi
2048 2893 2476 2977 constituit
2525 2890 2960 2976 Pastorum
3037 2888 3497 3003 Princeps,
3558 2893 3778 3004 ejus·

384 3000 579 3089 dem
629 3008 1022 3121 exemplis
1103 3041 1198 3095 ea
1235 3073 1261 3116 ‚
1335 3041 1496 3127 qua
1575 3007 1813 3096 decet
1850 3074 1875 3116 ‚
1940 3012 2478 3098 veneratione
2525 3041 2847 3124 semper
2895 3010 3449 3129 obsequentes
3487 3071 3510 3113 ,
3601 3038 3775 3094 non

385 3124 654 3208 solum
708 3125 1073 3240 Populos
1145 3161 1191 3216 e
1245 3134 1804 3236 remotissimis
1839 3196 1869 3236 ,
1938 3162 2032 3216 ac
2091 3129 2390 3217 dissitis
2458 3131 2966 3243 Regionibus
3026 3128 3129 3215 ad
3181 3128 3808 3241 omnium'Ecm

388 3242 820 3331 elesiarum
872 3254 1227 3337 Matrem
1258 3314 1282 3356 ,
1337 3273 1420 3336 et
1466 3252 1945 3363 Magistram
1996 3254 2424 3339 venientes
2459 3251 3044 3364 benignissime
3094 3250 3498 3365 complexi
3548 3273 3773 3357 sunt,

383 3393 676 3451 verum
730 3369 975 3452 etiam
1032 3372 1114 3454 in
1169 3401 1454 3458 omnes
1504 3372 1728 3456 orbis
1778 3372 2086 3457 Terrae
2167 3394 2440 3486 partes
2511 3371 3030 3487 Apostolicos
3079 3374 3354 3475 viroS,
3417 3375 3564 3491 qui
3616 3372 3773 3458 nn-

384 3479 644 3602 dique
708 3491 1358 3606 conquirerent,
1412 3492 1842 3578 allicerent
1886 3553 1911 3597 ‚
1964 3514 2215 3609 atque
2265 3489 2371 3577 ad
2422 3493 2681 3605 ipsam
2733 3488 3246 3578 deducerent
3293 3488 3536 3598 filios,
3589 3495 3777 3578 mit-

381 3624 567 3690 tere·
610 3635 1247 3697 consueverunt.
1312 3610 1485 3697 Nos
1537 3634 1817 3699 autem
1869 3612 2177 3729 quibus
2229 3612 2558 3696 nullum
2611 3633 2733 3699 est
2794 3609 3251 3725 jucundius
3299 3611 3685 3697 solatium
3735 3630 3763 3719 ‘,

388 3752 642 3842 quam
730 3753 826 3815 ut
906 3729 1323 3819 Romanae
1372 3733 1799 3819 Ecclesiae
1863 3762 2011 3846 per
2059 3730 2486 3844 spirituale
2551 3732 3072 3820 connubium
3110 3729 3374 3815 Nobis
3423 3729 3777 3847 despon-

382 3877 518 3932 sae
568 3898 592 3951 ,
656 3879 796 3935 eos
845 3854 1095 3943 etiam
1143 3850 1437 3939 demus
1490 3851 1702 3940 filios
1746 3915 1770 3959 ‚
1830 3854 1977 3971 qui
2042 3850 2236 3941 licet
2287 3852 2484 3937 alibi
2540 3854 2711 3939 nati
2746 3917 2779 3958 ,
2842 3850 2980 3939 hic
3033 3875 3306 3938 tamen
3363 3855 3777 3961 instituti,

385 3962 492 4050 ad
542 3964 831 4064 fratres
906 4003 1097 4057 suos
1182 3977 1608 4062 communi
1674 3974 1914 4060 matri
1981 3970 2550 4061 conciliandos
2600 3972 3050 4092 aliquando
3101 3998 3494 4085 pergant,
3562 4005 3777 4058 nun·

382 4115 631 4201 quam
685 4090 1165 4195 omisimus,
1216 4098 1420 4211 quin
1490 4092 2042 4181 laudatissima
2096 4089 2584 4183 eorumdem
2650 4092 3375 4207 praedecessorum
3455 4118 3769 4180 nostro-

382 4233 575 4293 rum
637 4205 906 4292 studia
960 4236 1657 4299 consectaremur.
2172 4234 2177 4239 '
2302 4292 2311 4303 .
3245 4308 3254 4319 ,

502 4327 570 4426 S.
646 4356 719 4412 1.
787 4327 1244 4417 Enimvero
1295 4335 1511 4418 inter
1559 4334 1759 4418 alios
1820 4330 2331 4421 diversarum
2386 4332 2820 4417 nationum
2874 4322 3218 4422 dilectos
3267 4333 3481 4422 filios
3518 4396 3542 4440 ‚
3583 4335 3772 4451 qui·
3872 4344 4157 4415 Ecclesia

380 4442 543 4531 bus
594 4449 693 4532 in.
738 4445 889 4535 hac
938 4450 1152 4536 alma
1206 4452 1444 4538 Urbe
1509 4476 1782 4539 nostra
1819 4517 1848 4557 ,
1900 4475 1985 4539 et
2033 4454 2231 4539 alibi
2283 4475 2746 4567 opportuna
2801 4456 3326 4568 Apostolicae
3374 4456 3768 4566 benigni-
3794 4435 4123 4505 &Mariae

382 4570 571 4653 tatis
635 4569 1068 4657 commoda
1133 4574 1526 4686 impertiti
1577 4605 1863 4658 sumus
1899 4635 1926 4678 ,
1992 4566 2313 4660 dilectis
2363 4568 2672 4684 itidem·
2704 4572 2895 4661 filiis
2947 4575 3380 4662 Monachis
3431 4578 3769 4663 Graecis
3795 4644 3867 4686 ca
3937 4622 4161 4688 Mon&

380 4684 801 4775 Melchitis
870 4688 1112 4777 dictis
1178 4691 1863 4807 Congregationis
1946 4693 2228 4779 Sancti
2311 4693 2657 4779 Joannis
2721 4695 3133 4809 Baptistae
3186 4704 3270 4783 in
3339 4698 3621 4784 Soairo
3669 4700 3767 4781 -in
3797 4690 4162 4782 chissoari-

380 4804 673 4896 Monte
727 4811 1052 4898 Libano
1102 4877 1128 4918 ,
1195 4820 1341 4931 qui
1431 4846 1478 4900 e
1563 4812 2010 4900 Phoenicia
2064 4876 2089 4918 ,
2143 4816 2315 4901 sive
2393 4815 2629 4925 Syria
2679 4877 2706 4921 ‚
2763 4812 3112 4903 Romam
3192 4820 3694 4943 appulerunt
3745 4805 3880 4924 ‚²³⁸
3912 4805 4080 4872 data.

380 4920 850 5033 Ecclesiam
906 4935 1254 5019 Sanctae
1302 4933 1629 5024 Mariae·
1665 4936 1747 5020 in
1816 4934 2304 5039 Dominica,
2356 4965 2505 5020 seu
2551 4934 2963 5022 Domnica
3015 4941 3268 5049 vulgo
3315 4938 3542 5024 della
3591 4935 3777 5022 Na·

384 5044 712 5154 vic-eblo,
765 5047 872 5137 de
922 5050 1203 5138 dilecti
1235 5050 1385 5138 filii
1438 5058 1693 5140 nostri
1744 5056 2065 5142 Nicolai
2104 5054 2295 5141 S.R.
2327 5055 2431 5138 E.
2466 5055 2936 5169 Presbyteri
2976 5057 3440 5147 Cardinalis
3479 5058 3774 5143 Coscia
3893 5138 3908 5149 .

325 5238 332 5249 .
386 5173 849 5286 nuncupati
901 5169 1277 5282 ejusdem
1326 5172 1755 5261 Ecclesiae
1835 5176 2233 5262 Titularis
2320 5206 2794 5280 consensu,
2862 5175 3000 5264 die
3065 5182 3204 5265 23.
3282 5179 3485 5263 Julii
3555 5208 3776 5262 anno

395 5288 676 5403 1734..
719 5294 1295 5377 concessimus.
1363 5294 1787 5383 Ecclesiae
1838 5327 2039 5383 tero
2089 5295 2768 5415 adjectarumque
2818 5297 3088 5384 eidem
3150 5330 3594 5414 parvarum
3646 5329 3777 5385 ae·

382 5404 619 5495 dium
661 5474 685 5523 ,
754 5441 1199 5529 rerumque
1265 5413 1696 5513 Sacrarum
1732 5479 1762 5520 ,
1825 5437 1909 5500 et
1957 5415 2568 5533 prophanatum
2620 5421 3208 5534 possessionem
3264 5421 3383 5507 illi
3437 5419 3576 5508 die
3631 5440 3766 5535 29’.

385 5528 759 5647 ejusdem
816 5538 1119 5620 mensis
1143 5596 1189 5640 ‚,
1223 5559 1307 5622 et
1359 5535 2021 5624 anniadierunt.

398 5770 407 5779 α
500 5646 570 5752 S.
628 5685 707 5741 2.
775 5652 1100 5751 Interea
1165 5660 1553 5778 temporis
1639 5657 2084 5773 nonnullas
2154 5659 2724 5785 sibi-Regulas
2788 5614 3270 5777 pro-debita
3331 5667 3561 5784 juxta
3635 5694 3772 5758 eo·
3886 5685 4162 5779 Regulus

3708 4579 3727 4598 .
3797 4529 4161 4595 inDomni-
4249 4522 4272 4538 ’
