4834 6409
3586 456 3741 562 2¹4¹

381 579 707 692 gatione
760 578 1107 668 Sanctae
1161 575 1635 681 Romanae,
1673 592 1756 663 et
1808 574 2320 665 Universalis
2369 574 2942 693 Inquisitionis
2974 571 3427 689 prohibiti,
3479 592 3570 658 et
3615 572 3793 658 da·-

376 705 639 793 mnati
672 698 1042 787 suerunt
1090 694 1435 817 quidam
1510 696 1707 785 libri
1789 697 2137 809 Anglica
2188 697 2536 808 Lingua
2590 697 3026 808 conscripti
3061 712 3230 799 ,·*et
3287 694 3503 808 typis
3547 689 3768 779 editi-

379 821 910 924 sub-titulis,
976 816 1082 905 de
1131 816 1437 935 quibus
1489 814 1698 902 infra
1735 878 1760 921 ‚
1827 849 1920 904 ea
1973 842 2307 932 propter
2359 814 2612 902 iidem
2668 815 2868 901 Emi
2901 814 3274 899 ·Domini
3327 842 3788 928 praecepem

297 1041 305 1050 ⁸
379 965 584 1028 runt
630 937 1099 1029 antedictae
1147 937 1589 1023 Formulae
1652 935 2125 1023 addendam
2188 968 2362 1024 esse
2425 932 2900 1023 immediate
2951 959 3142 1020 ante
3216 934 3475 1020 verba
3530 973 3587 1006 =
3647 932 3782 1017 Ee

384 1062 498 1145 ita
562 1056 933 1174 spondeo
984 1082 1137 1146 etc.
1204 1048 1695 1172 particulam
1748 1082 2307 1174 sequentem,
2378 1086 2727 1168 nempe:
2783 1097 2841 1129 ==
2904 1052 3391 1171 pariterque
3455 1051 3766 1136 Libros

384 1181 748 1293 Anglico
797 1176 1186 1265 idiomate
1239 1179 1670 1290 impressos
1707 1238 1732 1282 ‚
1798 1200 2048 1294 atque
2096 1209 2248 1290 per
2308 1177 2664 1263 Decreta
2729 1177 2807 1260 S.
2851 1174 3284 1260 Romanae
3321 1236 3346 1278 ,
3409 1195 3493 1257 et
3556 1173 3782 1257 Uni--

385 1300 727 1391 versalis
781 1298 1348 1414 Inquisitionis
1407 1297 1567 1380 sub
1630 1294 1925 1383 diebus
1978 1330 2057 1412 7.
2118 1286 2612 1383 Decembris
2677 1297 2957 1410 1734,
3025 1318 3111 1379 et
3199 1326 3327 1379 12.
3395 1291 3771 1378 Januarii

406 1418 655 1533 1735.
710 1416 981 1531 palam
1037 1417 1596 1531 improbatos,
1663 1447 2021 1533 quorum
2098 1418 2318 1504 tituli
2371 1457 2430 1490 ι·-
2494 1414 2965 1501 Cateohism
3033 1445 3125 1498 or
3203 1410 3780 1523 abridgement

388 1538 491 1623 of
523 1535 941 1624 Christian
994 1534 1763 1649 Doctrine,printed
1812 1540 1895 1621 in
1957 1535 2097 1625 the
2132 1568 2327 1649 year
2376 1536 2625 1649 1725.
2660 1535 3207 1621 Instructions
3245 1530 3409 1627 and
3439 1562 3773 1646 prayers

388 1655 520 1744 sor
572 1655 977 1743 Children
1032 1654 1236 1741 with
1269 1690 1312 1743 a
1350 1655 1823 1743 Catechism
1872 1653 2000 1742 for
2048 1688 2331 1768 young
2380 1653 2790 1760 children,
2841 1650 3176 1770 printed
3225 1656 3311 1738 in
3379 1659 3521 1737 the
3579 1682 3785 1765 year

399 1783 686 1893 1724„
741 1798 825 1863 et
875 1808 921 1860 a
985 1775 1430 1866 catechism
1483 1773 1609 1860 for
1660 1775 1907 1862 chose
1988 1774 2302 1862 thalare
2364 1806 2595 1862 more
2692 1770 3122 1863 advanced
3192 1777 3276 1857 in
3323 1803 3559 1885 years
3612 1768 3792 1857 and-

403 1893 973 2005 Knowledge,
1028 1893 1362 2007 printed
1414 1902 1742 2008 ¹7²4·=
1796 1926 2165 2009 expresse
2214 1927 2562 2009 respue,
2629 1898 2943 2009 reijci0,
3010 1926 3108 1980 ac
3161 1891 3496 1979 danmo,
3553 1891 3784 1976 Huic

402 2039 680 2109 autem
736 2016 1115 2128 ampliori
1176 2012 1585 2107 formulae
1649 2041 2094 2134 utrumque
2143 2015 2572 2103 Vioarium
2624 2018 3197 2128 Apostolicum
3240 2076 3264 2118 ,
3325 2011 3803 2126 Coadjutoe·

406 2167 643 2241 rem,
707 2165 1218 2251 omnesque,
1287 2159 1394 2221 et'
1446 2134 1809 2245 singulos
1892 2138 2331 2251 utriusque
2410 2136 2877 2220 Vicariatus
2927 2136 3484 2219 Missionarios
3518 2197 3546 2236 ,
3631 2134 3778 2250 qui

401 2255 727 2372 pridem
781 2282 1003 2347 anno
1058 2256 1307 2369 1733.
1365 2255 1685 2341 lubenti
1739 2259 2015 2343 animo
2065 2256 2625 2368 subscripsere
2659 2320 2682 2360 ,
2723 2259 3023 2341 iterum
3076 2257 3158 2337 in
3204 2252 3540 2337 uberius
3589 2283 3788 2337 suae

408 2374 979 2478 obedientiae,
1016 2398 1100 2461 et
1151 2374 1562 2487 religionis
1604 2378 2161 2469 testimonium
2202 2438 2225 2479 ,
2280 2398 2528 2492 atque
2580 2374 2685 2459 ad
2733 2369 3403 2487 majoremapud
3455 2373 3792 2459 Sacram

417 2494 1162 2605 Congregationem
1244 2494 1941 2607 promerendam,
2008 2493 2774 2613 assequendamque
2855 2491 3190 2581 laudem
3265 2491 3790 2578 subscribere

408 2613 714 2731 debere
764 2612 1014 2705 iidem
1065 2614 1263 2699 Effii
1346 2616 1507 2700 ΡΡ.
1583 2614 2163 2718 declararunt,
2235 2639 2317 2700 et
2368 2617 2476 2698 ita
2532 2616 2879 2730 exequi,
2952 2636 3037 2698 et
3095 2613 3400 2698 ¹servari
3455 2609 3816 2696 manda-22

408 2759 632 2819 runt.
698 2731 1011 2818 Datum
1063 2737 1375 2827 Romae
1425 2767 1521 2823 ex
1569 2732 1911 2820 aedibus
1962 2731 2372 2849 praefatae
2426 2733 2716 2820 Sacrae
2767 2733 3490 2844 Congregationis,
3521 2728 3660 2817 die
3705 2753 3804 2817 et·

411 2886 632 2955 anno
670 2916 694 2958 ,
748 2854 1055 2969 quibus
1105 2886 1372 2968 supra.
1414 2887 1464 2939 :
1514 2854 1614 2943 V.
1670 2851 2141 2949 Cardinalis
2229 2854 2473 2947 Petra
2537 2851 3037 2946 Praefectus.
3091 2885 3144 2936 .-.·.
3193 2848 3631 2973 Philippus.
3687 2848 3800 2936 de

413 2972 852 3059 Montibus
904 2974 1431 3067 secretarius.
1593 3030 1597 3035 -
1896 3029 1902 3046 =
2158 3009 2195 3024 ¹·
3479 3020 3485 3027 ·
3623 3026 3642 3032 -
3793 3010 3805 3051 v.

541 3090 864 3176 Interea
914 3096 1307 3206 temporis
1359 3126 1655 3181 manus
1707 3121 2019 3185 nostras
2068 3095 2566 3183 in'Coelum
2645 3097 3118 3183 levantibus
3168 3092 3432 3179 Nobis
3468 3154 3493 3197 ,
3574 3114 3658 3177 et
3706 3091 3797 3175 in

419 3211 889 3297 humilitate
943 3210 1213 3298 cordis
1263 3218 1517 3299 nostri
1583 3241 2001 3329 speratum
2051 3216 2436 3304 solatium
2487 3218 3177 3330 praestolantibus
3213 3213 3506 3319 ,.Deus
3547 3215 3810 3296 totius.

421 3331 1042 3431 consolationis,
1098 3336 1243 3448 qui
1295 3336 1763 3422 consolatur
1815 3367 1960 3423 nos
2013 3339 2095 3420 in
2151 3341 2375 3422 omni
2433 3337 2965 3425 tribulatione
3017 3360 3341 3438 nostra,
3395 3329 3802 3447 gaudium

421 3474 800 3538 nostrum
852 3453 1275 3538 cumulare
1345 3451 1747 3565 dignatus·
1789 3481 1932 3545 est.
1990 3455 2458 3544 Luculenta
2526 3460 2749 3541 enim
2800 3454 3133 3544 debitae
3181 3454 3444 3539 Nobis
3475 3475 3808 3568 ,·atque

421 3571 623 3657 huic
675 3572 1021 3657 Sanctae
1075 3570 1266 3657 Sedi
1321 3573 1843 3663 obedientiae
1895 3577 2412 3682 testimonia,
2453 3598 2537 3663 et
2576 3576 2932 3687 legitima
2987 3577 3362 3660 omnium
3426 3594 3815 3658 vestrum·

425 3693 509 3778 in
565 3691 1167 3804 subscriptione
1220 3698 1647 3783 memorati
1723 3694 2058 3782 Decreti
2147 3691 2648 3781 documenta
2727 3729 2771 3779 a
2824 3696 3087 3781 Nobis
3174 3715 3509 3805 excepta
3595 3688 3824 3794 adeo,

424 3808 1083 3899 laetificaverunt
1133 3842 1274 3898 cor
1328 3837 1698 3901 nostrum
1732 3878 1760 3923 ,
1824 3839 1922 3900 ut
1972 3845 2248 3930 neque
2303 3848 2453 3930 pro
2505 3814 2856 3903 laetitiae
2945 3812 3512 3925 magnitudine
3577 3845 3624 3896 a
3685 3812 3801 3896 la·

306 4020 311 4029 ,
428 3934 703 4019 crimis
755 3951 1397 4043 temperaremus
1429 3998 1462 4039 ,
1531 3967 1803 4053 neque
1852 3970 1895 4022 a
1962 3934 2479 4021 celebrandis
2529 3957 2709 4020 tum
2754 3936 3420 4021 ‚Fraternitatum
3475 3933 3805 4017 Vestra-

428 4081 613 4140 rum
656 4110 678 4153 ,
745 4074 921 4136 tum
975 4050 1681 4141 Missionariorum
1740 4059 2118 4140 omnium
2170 4058 2484 4141 meritis
2546 4053 3793 4170 laudibus·conquiesceremus.

432 4168 851 4277 Quoniam
908 4190 1183 4254 autem
1257 4172 1604 4258 charitas
1658 4174 1967 4258 Christi
2041 4168 2278 4285 urget
2327 4206 2529 4278 nos,
2595 4176 2737 4290 qui
2793 4175 2998 4258 nihil
3051 4196 3428 4287 optamus
3496 4173 3812 4283 impen-

433 4292 603 4373 sius
643 4348 666 4391 ,
735 4286 941 4372 nihil
1026 4290 1537 4378 sollicitiores
1604 4324 1750 4379 nos
1799 4290 1992 4379 facit
2028 4357 2053 4398 ‚
2122 4324 2372 4411 quam
2426 4316 2520 4379 ut
2568 4295 2845 4381 omnia
2913 4317 3176 4381 vestra
3232 4294 3314 4375 in
3405 4289 3812 4376 charitate

431 4405 694 4510 fiant,
757 4431 840 4494 et
904 4402 1062 4492 hoc
1135 4410 1393 4495 enixis
1471 4413 1855 4525 precibus
1939 4445 2320 4520 oramus,
2400 4436 2498 4497 ut
2579 4412 2926 4499 charitas
3005 4436 3266 4497 vestra
3329 4412 3643 4520 magis,
3711 4442 3820 4496 ao

440 4530 698 4636 magis
750 4524 1125 4613 abundet
1175 4531 1255 4613 in
1313 4532 1649 4615 scientia
1689 4595 1718 4634 ,
1754 4555 1864 4615 ‘et
1915 4535 1995 4623 in
2051 4537 2278 4617 omni
2327 4565 2630 4640 sensu,
2695 4556 2791 4617 ut
2836 4532 3198 4647 probetis
3261 4533 3574 4644 potiora
3627 4584 3680 4635 ,·.
3717 4536 3817 4616 uti

435 4652 607 4734 sitis
670 4650 966 4734 sinceri
1018 4645 1553 4737 sine-offensa
1613 4655 1694 4735 in
1751 4648 1967 4737 diem
2022 4649 2387 4759 Christi,
2430 4659 2676 4767 eujus
2724 4651 2982 4739 factus
3041 4676 3161 4736 est
3213 4655 3292 4736 in
3337 4683 3533 4765 pace
3586 4650 3826 4737 locus·

441 4774 1055 4882 ‘ejusrogamus
1090 4833 1115 4874 ‚
1170 4791 1252 4855 et
1289 4770 1718 4857 hortamur
1754 4834 1781 4875 ,
1848 4795 1938 4857 ut
1990 4770 2263 4882 digne.
2292 4774 2810 4859 ambulantes
2885 4774 3373 4877 vocatione,
3461 4804 3623 4890 qua
3679 4802 3824 4855 vo«

444 4890 602 4979 cati
655 4890 845 4974 estis
873 4952 905 4992 ,
954 4912 1038 4974 et
1085 4914 1659 5005 supportantes
1705 4894 2067 4979 invicem
2124 4894 2205 4975 in
2260 4891 2656 4979 charitate
2689 4956 2716 4998 ,
2768 4892 3091 4979 solliciti
3145 4896 3481 4979 servetis
3546 4894 3822 4975 unita-a

443 5027 609 5089 tem
662 5008 993 5118 spiritus
1042 5010 1125 5093 in
1182 5009 1525 5095 vinculo
1573 5014 1816 5124 pacis.
1848 5011 1997 5097 -Ita
2052 5015 2273 5099 enim
2325 5011 2634 5101 factum
2677 5014 2775 5098 iri
2827 5009 3328 5099 confidimus
3363 5076 3391 5114 ,
3443 5032 3539 5093 ut
3589 5012 3850 5096 omni·

434 5125 1213 5237 perturbationibus
1254 5129 1680 5239 praecluso
1732 5130 1964 5221 aditu
2015 5127 2571 5219 manifestiora
2623 5134 3175 5247 sapientibus,
3225 5155 3311 5218 et
3360 5132 3823 5241 insipienti-2

438 5243 659 5350 bus,
728 5244 1036 5361 quibus
1086 5242 1503 5333 debitores
1578 5281 1862 5337 sumus
1910 5248 2122 5345 facta
2173 5283 2321 5367 per
2405 5284 2652 5343 omne
2737 5276 3064 5368 tempus
3121 5245 3824 5338 commendentur

426 5387 765 5459 ,vestrae
816 5393 1006 5473 erga
1090 5366 1564 5480 Apostolica
1616 5368 1997 5457 mandata
2028 5435 2051 5476 ,
2139 5395 2225 5459 et
2272 5397 2703 5488 praecepta
2783 5376 3333 5487 paratissimae
3377 5370 3832 5457 observans⁸

442 5486 612 5570 tiae
640 5533 679 5590 ,·
720 5482 1417 5605 obedientiaeque
1469 5514 1974 5600 argumenta.
2033 5491 2274 5600 Quae
2325 5493 2668 5612 quidem
2719 5524 2890 5614 quo
2938 5496 3258 5605 saepius
3311 5494 3567 5607 reipsa
3587 5521 3842 5576 coms-

441 5604 796 5819 proba?
852 5610 1431 5822 u1}t}squisqne
1482 5607 2111 5719 studuerit·,-eo
2184 5619 2492 5731 majora
2547 5614 2731 5707 'sibi
2764 5611 3025 5826 §pud
3112 5645 3397 5719 omnes
3481 5609 3853 5709 laudum-³

775 5734 951 5819 omi
1038 5791 1067 5820 a
1800 5748 1809 5756 “
2602 5790 2614 5803 -
2887 5733 2944 5831 h

4267 610 4280 636 n·
4257 550 4282 595 ,δυ
4256 460 4282 542 ...ψ-λ
