<?xml version="1.0" encoding="UTF-8"?>
<!DOCTYPE html PUBLIC "-//W3C//DTD XHTML 1.0 Transitional//EN"
    "http://www.w3.org/TR/xhtml1/DTD/xhtml1-transitional.dtd">
<html xmlns="http://www.w3.org/1999/xhtml" xml:lang="en" lang="en">
 <head>
  <title>
</title>
<meta http-equiv="Content-Type" content="text/html;charset=utf-8" />
  <meta name='ocr-system' content='tesseract 3.04.00' />
  <meta name='ocr-capabilities' content='ocr_page ocr_carea ocr_par ocr_line ocrx_word'/>
</head>
<body>
  <div class='ocr_page' id='page_1' title='image "./bullariumpontif00fidegoog_0236.png"; bbox 0 0 4834 6409; ppageno 0'>
   <div class='ocr_carea' id='block_1_1' title="bbox 1058 458 4440 1298">
    <p class='ocr_par' dir='ltr' id='par_1_1' title="bbox 1058 458 4440 1298">
     <span class='ocr_line' id='line_1_1' title="bbox 1072 458 1248 547; baseline 0.017 -3"><span class='ocrx_word' id='word_1_1' title='bbox 1072 458 1248 547; x_wconf 73' lang='lat'>226</span> 
     </span>
     <span class='ocr_line' id='line_1_2' title="bbox 1060 574 4440 694; baseline 0.002 -30"><span class='ocrx_word' id='word_1_2' title='bbox 1060 580 1206 664; x_wconf 68' lang='lat' dir='ltr'>⁴via</span> <span class='ocrx_word' id='word_1_3' title='bbox 1254 604 1562 667; x_wconf 85' lang='lat' dir='ltr'>sacram</span> <span class='ocrx_word' id='word_1_4' title='bbox 1583 574 2270 663; x_wconf 57' lang='lat' dir='ltr'>‘communionem</span> <span class='ocrx_word' id='word_1_5' title='bbox 2314 580 2845 694; x_wconf 79' lang='lat' dir='ltr'>sumpserint,</span> <span class='ocrx_word' id='word_1_6' title='bbox 2872 585 3202 668; x_wconf 78' lang='lat' dir='ltr'>necnon</span> <span class='ocrx_word' id='word_1_7' title='bbox 3251 580 3346 669; x_wconf 75' lang='lat' dir='ltr'>in‘</span> <span class='ocrx_word' id='word_1_8' title='bbox 3394 582 3698 670; x_wconf 74' lang='lat' dir='ltr'>moi-tis.</span> <span class='ocrx_word' id='word_1_9' title='bbox 3726 579 4075 673; x_wconf 78' lang='lat' dir='ltr'>articulo</span> <span class='ocrx_word' id='word_1_10' title='bbox 4120 582 4202 673; x_wconf 44' lang='lat' dir='ltr'>si*</span> <span class='ocrx_word' id='word_1_11' title='bbox 4239 600 4440 673; x_wconf 79' lang='lat' dir='ltr'>con·</span> 
     </span>
     <span class='ocr_line' id='line_1_3' title="bbox 1062 694 4434 816; baseline 0.002 -31"><span class='ocrx_word' id='word_1_12' title='bbox 1062 699 1298 802; x_wconf 82' lang='lat' dir='ltr'>triti,</span> <span class='ocrx_word' id='word_1_13' title='bbox 1358 727 1463 785; x_wconf 81' lang='lat' dir='ltr'>ae</span> <span class='ocrx_word' id='word_1_14' title='bbox 1503 694 1906 807; x_wconf 75' lang='lat' dir='ltr'>confessi,</span> <span class='ocrx_word' id='word_1_15' title='bbox 1969 726 2079 783; x_wconf 73' lang='lat' dir='ltr'>ac</span> <span class='ocrx_word' id='word_1_16' title='bbox 2118 726 2317 784; x_wconf 86' lang='lat' dir='ltr'>cum</span> <span class='ocrx_word' id='word_1_17' title='bbox 2369 701 2790 816; x_wconf 77' lang='lat' dir='ltr'>proposito</span> <span class='ocrx_word' id='word_1_18' title='bbox 2838 696 3296 790; x_wconf 80' lang='lat' dir='ltr'>confitendi</span> <span class='ocrx_word' id='word_1_19' title='bbox 3344 707 3429 789; x_wconf 87' lang='lat' dir='ltr'>in</span> <span class='ocrx_word' id='word_1_20' title='bbox 3484 705 3831 811; x_wconf 88' lang='lat' dir='ltr'>itinere,</span> <span class='ocrx_word' id='word_1_21' title='bbox 3877 730 4046 790; x_wconf 80' lang='lat' dir='ltr'>seu</span> <span class='ocrx_word' id='word_1_22' title='bbox 4107 700 4194 791; x_wconf 86' lang='lat' dir='ltr'>in</span> <span class='ocrx_word' id='word_1_23' title='bbox 4261 703 4434 816; x_wconf 75' lang='lat' dir='ltr'>ipss</span> 
     </span>
     <span class='ocr_line' id='line_1_4' title="bbox 1066 816 4436 939; baseline 0.001 -32"><span class='ocrx_word' id='word_1_24' title='bbox 1066 820 1607 908; x_wconf 68' lang='lat' dir='ltr'>conversione</span> <span class='ocrx_word' id='word_1_25' title='bbox 1653 816 2205 925; x_wconf 77' lang='lat' dir='ltr'>decesserint,</span> <span class='ocrx_word' id='word_1_26' title='bbox 2258 816 2713 935; x_wconf 80' lang='lat' dir='ltr'>plenariam</span> <span class='ocrx_word' id='word_1_27' title='bbox 2761 823 3140 933; x_wconf 87' lang='lat' dir='ltr'>omnium</span> <span class='ocrx_word' id='word_1_28' title='bbox 3172 847 3706 939; x_wconf 83' lang='lat' dir='ltr'>peccatorum</span> <span class='ocrx_word' id='word_1_29' title='bbox 3737 852 4081 912; x_wconf 85' lang='lat' dir='ltr'>suorum</span> <span class='ocrx_word' id='word_1_30' title='bbox 4140 818 4436 915; x_wconf 79' lang='lat' dir='ltr'>Indul-</span> 
     </span>
     <span class='ocr_line' id='line_1_5' title="bbox 1058 939 4427 1145; baseline 0.002 -120"><span class='ocrx_word' id='word_1_31' title='bbox 1058 942 1480 1145; x_wconf 57' lang='grc' dir='ltr'>Ξῗοιὶξιω,</span> <span class='ocrx_word' id='word_1_32' title='bbox 1544 961 1633 1028; x_wconf 83' lang='lat' dir='ltr'>et</span> <span class='ocrx_word' id='word_1_33' title='bbox 1701 939 2266 1026; x_wconf 65' lang='lat' dir='ltr'>remissionem</span> <span class='ocrx_word' id='word_1_34' title='bbox 2351 940 2998 1033; x_wconf 77' lang='lat' dir='ltr'>misericorditer</span> <span class='ocrx_word' id='word_1_35' title='bbox 3066 944 3160 1030; x_wconf 92' lang='lat' dir='ltr'>in</span> <span class='ocrx_word' id='word_1_36' title='bbox 3224 942 3598 1037; x_wconf 83' lang='lat' dir='ltr'>Domino</span> <span class='ocrx_word' id='word_1_37' title='bbox 3675 939 4212 1035; x_wconf 68' lang='lat' dir='ltr'>concedimus</span> <span class='ocrx_word' id='word_1_38' title='bbox 4247 1008 4282 1049; x_wconf 87' lang='lat'>,</span> <span class='ocrx_word' id='word_1_39' title='bbox 4341 964 4427 1032; x_wconf 77' lang='lat' dir='ltr'>ot</span> 
     </span>
     <span class='ocr_line' id='line_1_6' title="bbox 1148 1089 3603 1146; baseline 0.001 0"><span class='ocrx_word' id='word_1_40' title='bbox 1148 1089 1238 1146; x_wconf 83' lang='lat' dir='ltr'>ar</span> <span class='ocrx_word' id='word_1_41' title='bbox 1322 1091 1536 1145; x_wconf 83' lang='lat' dir='ltr'>mur.</span> <span class='ocrx_word' id='word_1_42' title='bbox 3595 1124 3603 1130; x_wconf 87' lang='lat'><em>-</em></span> 
     </span>
     <span class='ocr_line' id='line_1_7' title="bbox 1177 1088 4421 1298; baseline 0.002 -32"><span class='ocrx_word' id='word_1_43' title='bbox 1177 1088 1495 1271; x_wconf 62' lang='lat' dir='ltr'>ngtum</span> <span class='ocrx_word' id='word_1_44' title='bbox 1548 1180 1861 1266; x_wconf 86' lang='lat' dir='ltr'>Romae</span> <span class='ocrx_word' id='word_1_45' title='bbox 1909 1173 2135 1295; x_wconf 84' lang='lat' dir='ltr'>apud</span> <span class='ocrx_word' id='word_1_46' title='bbox 2182 1178 2263 1264; x_wconf 87' lang='lat' dir='ltr'>S.</span> <span class='ocrx_word' id='word_1_47' title='bbox 2306 1177 2653 1271; x_wconf 78' lang='lat' dir='ltr'>Mariam</span> <span class='ocrx_word' id='word_1_48' title='bbox 2702 1181 3108 1298; x_wconf 80' lang='lat' dir='ltr'>Maiorem</span> <span class='ocrx_word' id='word_1_49' title='bbox 3179 1183 3340 1272; x_wconf 88' lang='lat' dir='ltr'>sub</span> <span class='ocrx_word' id='word_1_50' title='bbox 3394 1185 3744 1274; x_wconf 85' lang='lat' dir='ltr'>Annulo</span> <span class='ocrx_word' id='word_1_51' title='bbox 3786 1184 4224 1276; x_wconf 76' lang='lat' dir='ltr'>Piscatoris</span> <span class='ocrx_word' id='word_1_52' title='bbox 4283 1180 4421 1273; x_wconf 85' lang='lat' dir='ltr'>die</span> 
     </span>
    </p>
   </div>
   <div class='ocr_carea' id='block_1_2' title="bbox 1062 1297 3060 1423">
    <p class='ocr_par' dir='ltr' id='par_1_2' title="bbox 1062 1297 3060 1423">
     <span class='ocr_line' id='line_1_8' title="bbox 1062 1297 3060 1423; baseline 0.003 -37"><span class='ocrx_word' id='word_1_53' title='bbox 1062 1297 1201 1386; x_wconf 83' lang='lat'>28.</span> <span class='ocrx_word' id='word_1_54' title='bbox 1252 1298 1622 1387; x_wconf 83' lang='lat' dir='ltr'>Januarii</span> <span class='ocrx_word' id='word_1_55' title='bbox 1680 1304 1932 1423; x_wconf 85' lang='lat'><strong>1737.</strong></span> <span class='ocrx_word' id='word_1_56' title='bbox 1988 1300 2223 1385; x_wconf 87' lang='lat' dir='ltr'>Pont.</span> <span class='ocrx_word' id='word_1_57' title='bbox 2288 1307 2543 1392; x_wconf 87' lang='lat' dir='ltr'>nostri</span> <span class='ocrx_word' id='word_1_58' title='bbox 2594 1335 2817 1391; x_wconf 85' lang='lat' dir='ltr'>anno</span> <span class='ocrx_word' id='word_1_59' title='bbox 2868 1303 3060 1391; x_wconf 88' lang='lat' dir='ltr'><strong>VII.</strong></span> 
     </span>
    </p>
   </div>
   <div class='ocr_carea' id='block_1_3' title="bbox 3181 1422 4192 1514">
    <p class='ocr_par' dir='ltr' id='par_1_3' title="bbox 3181 1422 4192 1554">
     <span class='ocr_line' id='line_1_9' title="bbox 3181 1422 4192 1514; baseline -0.007 0"><span class='ocrx_word' id='word_1_60' title='bbox 3181 1494 3190 1501; x_wconf 80' lang='lat'><em>-</em></span> <span class='ocrx_word' id='word_1_61' title='bbox 3258 1427 3370 1514; x_wconf 82' lang='lat' dir='ltr'>F.</span> <span class='ocrx_word' id='word_1_62' title='bbox 3425 1423 3680 1513; x_wconf 69' lang='lat' dir='ltr'>Cat-d.</span> <span class='ocrx_word' id='word_1_63' title='bbox 3742 1422 4192 1512; x_wconf 73' lang='lat' dir='ltr'>oliverius.</span> 
     </span>
    </p>
   </div>
   <div class='ocr_carea' id='block_1_4' title="bbox 1193 1642 4317 1687">
    <p class='ocr_par' dir='ltr' id='par_1_4' title="bbox 1193 1642 4317 1687">
     <span class='ocr_line' id='line_1_10' title="bbox 1193 1642 4317 1687; baseline 0 4722"><span class='ocrx_word' id='word_1_64' title='bbox 1193 1642 4317 1687; x_wconf 95' lang='lat' dir='ltr'> </span> 
     </span>
    </p>
   </div>
   <div class='ocr_carea' id='block_1_5' title="bbox 1176 1793 4433 2278">
    <p class='ocr_par' dir='ltr' id='par_1_5' title="bbox 1176 1793 4433 2127">
     <span class='ocr_line' id='line_1_11' title="bbox 1176 1793 4433 1915; baseline 0.001 -35"><span class='ocrx_word' id='word_1_65' title='bbox 1176 1793 1681 1882; x_wconf 73' lang='lat' dir='ltr'>Declarario</span> <span class='ocrx_word' id='word_1_66' title='bbox 1713 1859 1740 1905; x_wconf 90' lang='lat'>,</span> <span class='ocrx_word' id='word_1_67' title='bbox 1817 1796 2047 1915; x_wconf 83' lang='lat' dir='ltr'>quod</span> <span class='ocrx_word' id='word_1_68' title='bbox 2099 1796 2585 1886; x_wconf 77' lang='lat' dir='ltr'>ordinariis</span> <span class='ocrx_word' id='word_1_69' title='bbox 2635 1795 3008 1882; x_wconf 78' lang='lat' dir='ltr'>locorum</span> <span class='ocrx_word' id='word_1_70' title='bbox 3056 1799 3150 1881; x_wconf 79' lang='lat' dir='ltr'>in</span> <span class='ocrx_word' id='word_1_71' title='bbox 3215 1794 3487 1885; x_wconf 80' lang='lat' dir='ltr'>Indiis</span> <span class='ocrx_word' id='word_1_72' title='bbox 3547 1824 3719 1881; x_wconf 77' lang='lat' dir='ltr'>non</span> <span class='ocrx_word' id='word_1_73' title='bbox 3778 1795 4034 1883; x_wconf 74' lang='lat' dir='ltr'>liceat</span> <span class='ocrx_word' id='word_1_74' title='bbox 4090 1798 4433 1883; x_wconf 75' lang='lat' dir='ltr'>visitare</span> 
     </span>
     <span class='ocr_line' id='line_1_12' title="bbox 1303 1906 4430 2035; baseline -0.001 -32"><span class='ocrx_word' id='word_1_75' title='bbox 1303 1914 2060 2033; x_wconf 78' lang='lat' dir='ltr'>Confiaternitates</span> <span class='ocrx_word' id='word_1_76' title='bbox 2107 1938 2424 2004; x_wconf 79' lang='lat' dir='ltr'>erectas</span> <span class='ocrx_word' id='word_1_77' title='bbox 2457 1983 2489 2024; x_wconf 87' lang='lat'><em>‚</em></span> <span class='ocrx_word' id='word_1_78' title='bbox 2538 1936 2621 2003; x_wconf 76' lang='lat' dir='ltr'>et</span> <span class='ocrx_word' id='word_1_79' title='bbox 2682 1913 3121 2035; x_wconf 79' lang='lat' dir='ltr'>erigendas</span> <span class='ocrx_word' id='word_1_80' title='bbox 3178 1921 3274 2002; x_wconf 79' lang='lat' dir='ltr'>in</span> <span class='ocrx_word' id='word_1_81' title='bbox 3332 1914 3737 2003; x_wconf 83' lang='lat' dir='ltr'>Ecclesiis</span> <span class='ocrx_word' id='word_1_82' title='bbox 3798 1906 4216 2004; x_wconf 68' lang='lat' dir='ltr'>Fratrum</span> <span class='ocrx_word' id='word_1_83' title='bbox 4267 1917 4430 2003; x_wconf 63' lang='lat' dir='ltr'>Or*-</span> 
     </span>
     <span class='ocr_line' id='line_1_13' title="bbox 1291 2031 4426 2127; baseline 0.001 -8"><span class='ocrx_word' id='word_1_84' title='bbox 1291 2031 1516 2121; x_wconf 80' lang='lat' dir='ltr'>dinis</span> <span class='ocrx_word' id='word_1_85' title='bbox 1565 2038 1884 2123; x_wconf 82' lang='lat' dir='ltr'>Beatae</span> <span class='ocrx_word' id='word_1_86' title='bbox 1931 2039 2289 2124; x_wconf 80' lang='lat' dir='ltr'>Mariae</span> <span class='ocrx_word' id='word_1_87' title='bbox 2333 2037 2442 2124; x_wconf 84' lang='lat' dir='ltr'>de</span> <span class='ocrx_word' id='word_1_88' title='bbox 2483 2042 2790 2126; x_wconf 79' lang='lat' dir='ltr'>Monte</span> <span class='ocrx_word' id='word_1_89' title='bbox 2866 2038 3262 2127; x_wconf 73' lang='lat' dir='ltr'>Car-melo</span> <span class='ocrx_word' id='word_1_90' title='bbox 3308 2035 4027 2123; x_wconf 63' lang='lat' dir='ltr'>Excalceatus-um</span> <span class='ocrx_word' id='word_1_91' title='bbox 4109 2067 4426 2123; x_wconf 80' lang='lat' dir='ltr'>nuncu·</span> 
     </span>
    </p>

    <p class='ocr_par' dir='ltr' id='par_1_6' title="bbox 1246 2155 4416 2278">
     <span class='ocr_line' id='line_1_14' title="bbox 1246 2155 4416 2278; baseline 0.001 -37"><span class='ocrx_word' id='word_1_92' title='bbox 1246 2225 1254 2232; x_wconf 94' lang='lat'>.</span> <span class='ocrx_word' id='word_1_93' title='bbox 1287 2173 1471 2272; x_wconf 83' lang='lat' dir='ltr'>pat.</span> <span class='ocrx_word' id='word_1_94' title='bbox 1527 2159 2218 2278; x_wconf 73' lang='lat' dir='ltr'>Congregatiom&#39;s</span> <span class='ocrx_word' id='word_1_95' title='bbox 2267 2160 2745 2278; x_wconf 78' lang='lat' dir='ltr'>Hz’spaniae</span> <span class='ocrx_word' id='word_1_96' title='bbox 2775 2220 2802 2266; x_wconf 91' lang='lat'>,</span> <span class='ocrx_word' id='word_1_97' title='bbox 2878 2188 3030 2244; x_wconf 82' lang='lat' dir='ltr'>nec</span> <span class='ocrx_word' id='word_1_98' title='bbox 3075 2155 3558 2248; x_wconf 78' lang='lat' dir='ltr'>eorumdem</span> <span class='ocrx_word' id='word_1_99' title='bbox 3615 2159 4019 2244; x_wconf 72' lang='lat' dir='ltr'>oratoria</span> <span class='ocrx_word' id='word_1_100' title='bbox 4064 2155 4416 2243; x_wconf 76' lang='lat' dir='ltr'>ruralia.</span> 
     </span>
    </p>
   </div>
   <div class='ocr_carea' id='block_1_6' title="bbox 1724 2384 3740 2517">
    <p class='ocr_par' dir='ltr' id='par_1_7' title="bbox 1724 2384 3740 2517">
     <span class='ocr_line' id='line_1_15' title="bbox 1724 2384 3740 2517; baseline -0.002 -4"><span class='ocrx_word' id='word_1_101' title='bbox 1724 2395 2854 2517; x_wconf 87' lang='lat' dir='ltr'>CLEMENS</span> <span class='ocrx_word' id='word_1_102' title='bbox 2992 2384 3267 2515; x_wconf 89' lang='lat' dir='ltr'>PP.</span> <span class='ocrx_word' id='word_1_103' title='bbox 3395 2396 3740 2515; x_wconf 88' lang='lat' dir='ltr'><strong>XII.</strong></span> 
     </span>
    </p>
   </div>
   <div class='ocr_carea' id='block_1_7' title="bbox 2062 2626 3420 2767">
    <p class='ocr_par' dir='ltr' id='par_1_8' title="bbox 2062 2626 3420 2767">
     <span class='ocr_line' id='line_1_16' title="bbox 2062 2626 3420 2767; baseline -0.003 -31"><span class='ocrx_word' id='word_1_104' title='bbox 2062 2644 2219 2736; x_wconf 84' lang='lat' dir='ltr'>Ad</span> <span class='ocrx_word' id='word_1_105' title='bbox 2242 2626 2656 2767; x_wconf 67' lang='lat' dir='ltr'>fictur-cim</span> <span class='ocrx_word' id='word_1_106' title='bbox 2701 2650 2837 2732; x_wconf 76' lang='lat' dir='ltr'>rei</span> <span class='ocrx_word' id='word_1_107' title='bbox 2892 2652 3420 2735; x_wconf 82' lang='lat' dir='ltr'>memoriam.</span> 
     </span>
    </p>
   </div>
   <div class='ocr_carea' id='block_1_8' title="bbox 638 2796 4421 5547">
    <p class='ocr_par' dir='ltr' id='par_1_9' title="bbox 648 2796 4421 4207">
     <span class='ocr_line' id='line_1_17' title="bbox 709 2796 4418 3005; baseline 0 -32"><span class='ocrx_word' id='word_1_108' title='bbox 709 2893 1023 2999; x_wconf 49' lang='lat' dir='ltr'>‚Privile-</span> <span class='ocrx_word' id='word_1_109' title='bbox 1151 2891 1238 2990; x_wconf 69' lang='lat' dir='ltr'>S.</span> <span class='ocrx_word' id='word_1_110' title='bbox 1306 2919 1382 2976; x_wconf 86' lang='lat'>1.</span> <span class='ocrx_word' id='word_1_111' title='bbox 1452 2796 1862 3005; x_wconf 82' lang='lat' dir='ltr'>Exponi</span> <span class='ocrx_word' id='word_1_112' title='bbox 1914 2890 2154 2976; x_wconf 88' lang='lat' dir='ltr'>nobis</span> <span class='ocrx_word' id='word_1_113' title='bbox 2205 2919 2473 3003; x_wconf 82' lang='lat' dir='ltr'>nuper</span> <span class='ocrx_word' id='word_1_114' title='bbox 2523 2888 2905 2976; x_wconf 84' lang='lat' dir='ltr'>fecerunt</span> <span class='ocrx_word' id='word_1_115' title='bbox 2953 2885 3235 2976; x_wconf 88' lang='lat' dir='ltr'>dilecti</span> <span class='ocrx_word' id='word_1_116' title='bbox 3283 2883 3437 2975; x_wconf 89' lang='lat' dir='ltr'>filii</span> <span class='ocrx_word' id='word_1_117' title='bbox 3489 2887 3969 3003; x_wconf 69' lang='lat' dir='ltr'>Superiores</span> <span class='ocrx_word' id='word_1_118' title='bbox 4034 2887 4418 2975; x_wconf 76' lang='lat' dir='ltr'>Fratrum</span> 
     </span>
     <span class='ocr_line' id='line_1_18' title="bbox 659 2987 4413 3144; baseline -0 -48"><span class='ocrx_word' id='word_1_119' title='bbox 659 3005 840 3141; x_wconf 53' lang='lat'>{2:2¹²</span> <span class='ocrx_word' id='word_1_120' title='bbox 867 2987 1023 3144; x_wconf 56' lang='lat'>0⁰¹²</span> <span class='ocrx_word' id='word_1_121' title='bbox 1042 3005 1389 3119; x_wconf 80' lang='lat' dir='ltr'>Ordinis</span> <span class='ocrx_word' id='word_1_122' title='bbox 1426 3009 1724 3098; x_wconf 85' lang='lat' dir='ltr'>Beatae</span> <span class='ocrx_word' id='word_1_123' title='bbox 1761 3009 2071 3098; x_wconf 86' lang='lat' dir='ltr'>Mariae</span> <span class='ocrx_word' id='word_1_124' title='bbox 2121 3011 2227 3098; x_wconf 91' lang='lat' dir='ltr'>de</span> <span class='ocrx_word' id='word_1_125' title='bbox 2275 3009 2570 3096; x_wconf 86' lang='lat' dir='ltr'>Monte</span> <span class='ocrx_word' id='word_1_126' title='bbox 2620 3007 3006 3097; x_wconf 88' lang='lat' dir='ltr'>Carmelo</span> <span class='ocrx_word' id='word_1_127' title='bbox 3041 3008 3688 3097; x_wconf 83' lang='lat' dir='ltr'>excalceatorum</span> <span class='ocrx_word' id='word_1_128' title='bbox 3745 3032 4413 3124; x_wconf 80' lang='lat' dir='ltr'>nuncupatorum</span> 
     </span>
     <span class='ocr_line' id='line_1_19' title="bbox 658 3102 4402 3248; baseline -0.001 -31"><span class='ocrx_word' id='word_1_129' title='bbox 658 3102 1020 3244; x_wconf 55' lang='grc' dir='ltr'>ωοὲωζὲζ</span> <span class='ocrx_word' id='word_1_130' title='bbox 1043 3127 1722 3244; x_wconf 71' lang='lat' dir='ltr'>congregationis</span> <span class='ocrx_word' id='word_1_131' title='bbox 1771 3128 2269 3244; x_wconf 81' lang='lat' dir='ltr'>Hispaniae,</span> <span class='ocrx_word' id='word_1_132' title='bbox 2324 3126 2552 3248; x_wconf 88' lang='lat' dir='ltr'>quod</span> <span class='ocrx_word' id='word_1_133' title='bbox 2605 3132 2755 3245; x_wconf 89' lang='lat' dir='ltr'>ipsi</span> <span class='ocrx_word' id='word_1_134' title='bbox 2807 3131 2893 3214; x_wconf 91' lang='lat' dir='ltr'>in</span> <span class='ocrx_word' id='word_1_135' title='bbox 2940 3132 3113 3217; x_wconf 84' lang='lat' dir='ltr'>vim</span> <span class='ocrx_word' id='word_1_136' title='bbox 3163 3131 3784 3245; x_wconf 85' lang='lat' dir='ltr'>privilegiorum</span> <span class='ocrx_word' id='word_1_137' title='bbox 3837 3132 3952 3217; x_wconf 88' lang='lat' dir='ltr'>eis</span> <span class='ocrx_word' id='word_1_138' title='bbox 4002 3163 4043 3217; x_wconf 90' lang='lat' dir='ltr'>a</span> <span class='ocrx_word' id='word_1_139' title='bbox 4097 3126 4402 3217; x_wconf 58' lang='lat' dir='ltr'>sela-ec.</span> 
     </span>
     <span class='ocr_line' id='line_1_20' title="bbox 656 3246 4421 3366; baseline 0.002 -41"><span class='ocrx_word' id='word_1_140' title='bbox 656 3256 989 3330; x_wconf 70' lang='lat' dir='ltr'>Excalcea-</span> <span class='ocrx_word' id='word_1_141' title='bbox 1043 3250 1479 3337; x_wconf 88' lang='lat' dir='ltr'>Clemente</span> <span class='ocrx_word' id='word_1_142' title='bbox 1531 3251 1748 3363; x_wconf 89' lang='lat' dir='ltr'>Papa</span> <span class='ocrx_word' id='word_1_143' title='bbox 1796 3248 1953 3334; x_wconf 90' lang='lat' dir='ltr'>XI.</span> <span class='ocrx_word' id='word_1_144' title='bbox 2010 3246 2644 3337; x_wconf 78' lang='lat' dir='ltr'>praedecessore</span> <span class='ocrx_word' id='word_1_145' title='bbox 2697 3273 2974 3336; x_wconf 87' lang='lat' dir='ltr'>nostro</span> <span class='ocrx_word' id='word_1_146' title='bbox 3023 3248 3158 3337; x_wconf 89' lang='lat' dir='ltr'>die</span> <span class='ocrx_word' id='word_1_147' title='bbox 3199 3254 3336 3358; x_wconf 67' lang='lat'>24.</span> <span class='ocrx_word' id='word_1_148' title='bbox 3369 3248 3866 3337; x_wconf 85' lang='lat' dir='ltr'>Novembris</span> <span class='ocrx_word' id='word_1_149' title='bbox 3927 3250 4171 3366; x_wconf 86' lang='lat'><strong>1703.</strong></span> <span class='ocrx_word' id='word_1_150' title='bbox 4225 3280 4421 3335; x_wconf 88' lang='lat' dir='ltr'>con·</span> 
     </span>
     <span class='ocr_line' id='line_1_21' title="bbox 656 3356 4420 3511; baseline -0.001 -53"><span class='ocrx_word' id='word_1_151' title='bbox 656 3364 872 3511; x_wconf 46' lang='lat' dir='ltr'>“³de</span> <span class='ocrx_word' id='word_1_152' title='bbox 903 3356 1021 3424; x_wconf 48' lang='grc' dir='ltr'>αἱ·</span> <span class='ocrx_word' id='word_1_153' title='bbox 1043 3401 1457 3459; x_wconf 85' lang='lat' dir='ltr'>cessurum</span> <span class='ocrx_word' id='word_1_154' title='bbox 1494 3432 1524 3475; x_wconf 91' lang='lat'>,</span> <span class='ocrx_word' id='word_1_155' title='bbox 1585 3393 1669 3458; x_wconf 92' lang='lat' dir='ltr'>et</span> <span class='ocrx_word' id='word_1_156' title='bbox 1722 3371 2161 3457; x_wconf 79' lang='lat' dir='ltr'>novissime</span> <span class='ocrx_word' id='word_1_157' title='bbox 2213 3403 2257 3456; x_wconf 88' lang='lat' dir='ltr'>a</span> <span class='ocrx_word' id='word_1_158' title='bbox 2312 3369 2550 3456; x_wconf 89' lang='lat' dir='ltr'>nobis</span> <span class='ocrx_word' id='word_1_159' title='bbox 2627 3365 2764 3457; x_wconf 88' lang='lat' dir='ltr'>die</span> <span class='ocrx_word' id='word_1_160' title='bbox 2817 3403 2954 3487; x_wconf 83' lang='lat'>27.</span> <span class='ocrx_word' id='word_1_161' title='bbox 3021 3369 3227 3457; x_wconf 85' lang='lat' dir='ltr'>Julii</span> <span class='ocrx_word' id='word_1_162' title='bbox 3290 3368 3538 3489; x_wconf 83' lang='lat'><strong>1735.</strong></span> <span class='ocrx_word' id='word_1_163' title='bbox 3608 3374 4060 3485; x_wconf 78' lang='lat' dir='ltr'>respective</span> <span class='ocrx_word' id='word_1_164' title='bbox 4123 3365 4420 3456; x_wconf 85' lang='lat' dir='ltr'>confir·</span> 
     </span>
     <span class='ocr_line' id='line_1_22' title="bbox 654 3464 4416 3608; baseline 0.001 -32"><span class='ocrx_word' id='word_1_165' title='bbox 654 3464 1015 3606; x_wconf 50' lang='grc' dir='ltr'>ξέῃώἰζ</span> <span class='ocrx_word' id='word_1_166' title='bbox 1039 3513 1452 3578; x_wconf 88' lang='lat' dir='ltr'>matorum</span> <span class='ocrx_word' id='word_1_167' title='bbox 1516 3491 1834 3608; x_wconf 83' lang='lat' dir='ltr'>ubique</span> <span class='ocrx_word' id='word_1_168' title='bbox 1883 3513 2285 3577; x_wconf 85' lang='lat' dir='ltr'>terrarum</span> <span class='ocrx_word' id='word_1_169' title='bbox 2338 3515 2554 3577; x_wconf 86' lang='lat' dir='ltr'>extra</span> <span class='ocrx_word' id='word_1_170' title='bbox 2607 3489 2823 3577; x_wconf 87' lang='lat' dir='ltr'>hauc</span> <span class='ocrx_word' id='word_1_171' title='bbox 2873 3490 3172 3578; x_wconf 89' lang='lat' dir='ltr'>almam</span> <span class='ocrx_word' id='word_1_172' title='bbox 3236 3488 3562 3589; x_wconf 78' lang='lat' dir='ltr'>Urbem</span> <span class='ocrx_word' id='word_1_173' title='bbox 3597 3513 3957 3578; x_wconf 85' lang='lat' dir='ltr'>nostram</span> <span class='ocrx_word' id='word_1_174' title='bbox 4008 3489 4416 3606; x_wconf 79' lang='lat' dir='ltr'>privative</span> 
     </span>
     <span class='ocr_line' id='line_1_23' title="bbox 654 3607 4408 3728; baseline 0.002 -38"><span class='ocrx_word' id='word_1_175' title='bbox 654 3623 1015 3698; x_wconf 72' lang='lat' dir='ltr'>Confi-nter·</span> <span class='ocrx_word' id='word_1_176' title='bbox 1043 3608 1775 3698; x_wconf 80' lang='lat' dir='ltr'>confraternitates</span> <span class='ocrx_word' id='word_1_177' title='bbox 1823 3610 2189 3699; x_wconf 86' lang='lat' dir='ltr'>virorum</span> <span class='ocrx_word' id='word_1_178' title='bbox 2224 3633 2326 3697; x_wconf 70' lang='lat' dir='ltr'>et</span> <span class='ocrx_word' id='word_1_179' title='bbox 2360 3611 2805 3696; x_wconf 87' lang='lat' dir='ltr'>mulierum</span> <span class='ocrx_word' id='word_1_180' title='bbox 2857 3610 3017 3696; x_wconf 90' lang='lat' dir='ltr'>sub</span> <span class='ocrx_word' id='word_1_181' title='bbox 3057 3611 3300 3697; x_wconf 88' lang='lat' dir='ltr'>titulo</span> <span class='ocrx_word' id='word_1_182' title='bbox 3349 3608 3724 3728; x_wconf 87' lang='lat' dir='ltr'>ejusdem</span> <span class='ocrx_word' id='word_1_183' title='bbox 3762 3613 4061 3698; x_wconf 88' lang='lat' dir='ltr'>Beatae</span> <span class='ocrx_word' id='word_1_184' title='bbox 4095 3607 4408 3697; x_wconf 84' lang='lat' dir='ltr'>Mariae</span> 
     </span>
     <span class='ocr_line' id='line_1_24' title="bbox 652 3723 3306 3847; baseline 0 -32"><span class='ocrx_word' id='word_1_185' title='bbox 652 3723 905 3792; x_wconf 60' lang='lat' dir='ltr'>”ium-</span> <span class='ocrx_word' id='word_1_186' title='bbox 1044 3728 1151 3819; x_wconf 90' lang='lat' dir='ltr'>de</span> <span class='ocrx_word' id='word_1_187' title='bbox 1202 3730 1489 3818; x_wconf 88' lang='lat' dir='ltr'>Monte</span> <span class='ocrx_word' id='word_1_188' title='bbox 1541 3729 1926 3817; x_wconf 89' lang='lat' dir='ltr'>Carmelo</span> <span class='ocrx_word' id='word_1_189' title='bbox 1976 3733 2339 3842; x_wconf 86' lang='lat' dir='ltr'>erigere,</span> <span class='ocrx_word' id='word_1_190' title='bbox 2406 3754 2491 3818; x_wconf 87' lang='lat' dir='ltr'>et</span> <span class='ocrx_word' id='word_1_191' title='bbox 2538 3728 2893 3819; x_wconf 83' lang='lat' dir='ltr'>fundare</span> <span class='ocrx_word' id='word_1_192' title='bbox 2941 3755 3306 3847; x_wconf 82' lang='lat' dir='ltr'>possunt.</span> 
     </span>
     <span class='ocr_line' id='line_1_25' title="bbox 681 3846 4410 3971; baseline 0.002 -41"><span class='ocrx_word' id='word_1_193' title='bbox 681 3860 1018 3969; x_wconf 58' lang='lat' dir='ltr'>quja-mo·</span> <span class='ocrx_word' id='word_1_194' title='bbox 1159 3848 1226 3952; x_wconf 81' lang='lat' dir='ltr'>S.</span> <span class='ocrx_word' id='word_1_195' title='bbox 1294 3883 1372 3937; x_wconf 77' lang='lat' dir='ltr'>a.</span> <span class='ocrx_word' id='word_1_196' title='bbox 1442 3850 1681 3960; x_wconf 87' lang='lat' dir='ltr'>Quae</span> <span class='ocrx_word' id='word_1_197' title='bbox 1734 3846 2075 3969; x_wconf 91' lang='lat' dir='ltr'>quidem</span> <span class='ocrx_word' id='word_1_198' title='bbox 2116 3848 2854 3938; x_wconf 83' lang='lat' dir='ltr'>Confraternitates</span> <span class='ocrx_word' id='word_1_199' title='bbox 2893 3883 3047 3939; x_wconf 90' lang='lat' dir='ltr'>nec</span> <span class='ocrx_word' id='word_1_200' title='bbox 3097 3884 3341 3938; x_wconf 91' lang='lat' dir='ltr'>usum</span> <span class='ocrx_word' id='word_1_201' title='bbox 3391 3882 3864 3955; x_wconf 88' lang='lat' dir='ltr'>saccorum,</span> <span class='ocrx_word' id='word_1_202' title='bbox 3914 3879 4190 3971; x_wconf 64' lang='lat' dir='ltr'>neque</span> <span class='ocrx_word' id='word_1_203' title='bbox 4223 3881 4410 3967; x_wconf 89' lang='lat' dir='ltr'>pro·</span> 
     </span>
     <span class='ocr_line' id='line_1_26' title="bbox 648 3950 4411 4113; baseline 0.001 -58"><span class='ocrx_word' id='word_1_204' title='bbox 648 3950 1013 4113; x_wconf 43' lang='lat' dir='ltr'>‘¹³:3¹¹{3d1‘</span> <span class='ocrx_word' id='word_1_205' title='bbox 1040 3973 1316 4084; x_wconf 85' lang='lat' dir='ltr'>prium</span> <span class='ocrx_word' id='word_1_206' title='bbox 1371 3971 1848 4058; x_wconf 87' lang='lat' dir='ltr'>Oratorium</span> <span class='ocrx_word' id='word_1_207' title='bbox 1902 3974 2074 4058; x_wconf 88' lang='lat' dir='ltr'>sive</span> <span class='ocrx_word' id='word_1_208' title='bbox 2125 3976 2334 4057; x_wconf 82' lang='lat' dir='ltr'>intra</span> <span class='ocrx_word' id='word_1_209' title='bbox 2374 4034 2398 4077; x_wconf 91' lang='lat'>,</span> <span class='ocrx_word' id='word_1_210' title='bbox 2466 3973 2639 4058; x_wconf 84' lang='lat' dir='ltr'>sive</span> <span class='ocrx_word' id='word_1_211' title='bbox 2716 3994 2935 4058; x_wconf 85' lang='lat' dir='ltr'>extra</span> <span class='ocrx_word' id='word_1_212' title='bbox 3002 3971 3350 4059; x_wconf 87' lang='lat' dir='ltr'>claustra</span> <span class='ocrx_word' id='word_1_213' title='bbox 3388 4037 3417 4077; x_wconf 90' lang='lat'>,</span> <span class='ocrx_word' id='word_1_214' title='bbox 3481 4002 3755 4092; x_wconf 86' lang='lat' dir='ltr'>neque</span> <span class='ocrx_word' id='word_1_215' title='bbox 3819 3968 4239 4078; x_wconf 86' lang='lat' dir='ltr'>redditus,</span> <span class='ocrx_word' id='word_1_216' title='bbox 4325 3996 4411 4058; x_wconf 87' lang='lat' dir='ltr'>et</span> 
     </span>
     <span class='ocr_line' id='line_1_27' title="bbox 650 4066 4412 4207; baseline 0 -29"><span class='ocrx_word' id='word_1_217' title='bbox 650 4066 715 4205; x_wconf 54' lang='lat' dir='ltr'>{r</span> <span class='ocrx_word' id='word_1_218' title='bbox 756 4069 793 4114; x_wconf 72' lang='lat'><em>⁶</em></span> <span class='ocrx_word' id='word_1_219' title='bbox 899 4072 1724 4207; x_wconf 57' lang='lat' dir='ltr'>92&#39;consuetudinem</span> <span class='ocrx_word' id='word_1_220' title='bbox 1766 4156 1792 4198; x_wconf 89' lang='lat'>,</span> <span class='ocrx_word' id='word_1_221' title='bbox 1844 4114 1988 4176; x_wconf 87' lang='lat' dir='ltr'>aut</span> <span class='ocrx_word' id='word_1_222' title='bbox 2036 4122 2248 4176; x_wconf 90' lang='lat' dir='ltr'>onus</span> <span class='ocrx_word' id='word_1_223' title='bbox 2296 4088 2697 4177; x_wconf 86' lang='lat' dir='ltr'>recitandi</span> <span class='ocrx_word' id='word_1_224' title='bbox 2757 4091 3162 4179; x_wconf 86' lang='lat' dir='ltr'>Divinum</span> <span class='ocrx_word' id='word_1_225' title='bbox 3218 4089 3676 4199; x_wconf 85' lang='lat' dir='ltr'>Officium,</span> <span class='ocrx_word' id='word_1_226' title='bbox 3728 4094 3922 4178; x_wconf 84' lang='lat' dir='ltr'>alias</span> <span class='ocrx_word' id='word_1_227' title='bbox 3985 4122 4089 4177; x_wconf 87' lang='lat' dir='ltr'>ue</span> <span class='ocrx_word' id='word_1_228' title='bbox 4123 4122 4412 4206; x_wconf 85' lang='lat' dir='ltr'>preces</span> 
     </span>
    </p>

    <p class='ocr_par' dir='ltr' id='par_1_10' title="bbox 666 4123 4399 4330">
     <span class='ocr_line' id='line_1_28' title="bbox 716 4123 3982 4213; baseline 0.001 -4"><span class='ocrx_word' id='word_1_229' title='bbox 716 4152 946 4209; x_wconf 67' lang='lat' dir='ltr'>sternit</span> <span class='ocrx_word' id='word_1_230' title='bbox 3925 4123 3982 4213; x_wconf 74' lang='lat' dir='ltr'>‘I</span> 
     </span>
     <span class='ocr_line' id='line_1_29' title="bbox 666 4205 4399 4330; baseline 0.001 -35"><span class='ocrx_word' id='word_1_231' title='bbox 666 4241 780 4311; x_wconf 64' lang='grc' dir='ltr'>τῳ.</span> <span class='ocrx_word' id='word_1_232' title='bbox 1040 4208 1350 4300; x_wconf 85' lang='lat' dir='ltr'>habent</span> <span class='ocrx_word' id='word_1_233' title='bbox 1383 4273 1408 4317; x_wconf 89' lang='lat'>,</span> <span class='ocrx_word' id='word_1_234' title='bbox 1470 4212 1850 4330; x_wconf 76' lang='lat' dir='ltr'>ullusque</span> <span class='ocrx_word' id='word_1_235' title='bbox 1898 4205 2367 4298; x_wconf 87' lang='lat' dir='ltr'>functiones</span> <span class='ocrx_word' id='word_1_236' title='bbox 2428 4211 3044 4299; x_wconf 83' lang='lat' dir='ltr'>Ecclesiasticas</span> <span class='ocrx_word' id='word_1_237' title='bbox 3092 4234 3557 4326; x_wconf 88' lang='lat' dir='ltr'>peragunt,</span> <span class='ocrx_word' id='word_1_238' title='bbox 3620 4209 3766 4299; x_wconf 89' lang='lat' dir='ltr'>sed</span> <span class='ocrx_word' id='word_1_239' title='bbox 3820 4209 4399 4299; x_wconf 81' lang='lat' dir='ltr'>tantummodo</span> 
     </span>
    </p>

    <p class='ocr_par' dir='ltr' id='par_1_11' title="bbox 638 4328 4406 5547">
     <span class='ocr_line' id='line_1_30' title="bbox 1033 4328 4406 4449; baseline 0 -31"><span class='ocrx_word' id='word_1_240' title='bbox 1033 4334 1694 4447; x_wconf 86' lang='lat' dir='ltr'>processionibus</span> <span class='ocrx_word' id='word_1_241' title='bbox 1730 4396 1755 4440; x_wconf 91' lang='lat'>,</span> <span class='ocrx_word' id='word_1_242' title='bbox 1821 4363 2035 4449; x_wconf 82' lang='lat' dir='ltr'>quae</span> <span class='ocrx_word' id='word_1_243' title='bbox 2118 4332 2224 4418; x_wconf 88' lang='lat' dir='ltr'>ab</span> <span class='ocrx_word' id='word_1_244' title='bbox 2276 4328 2569 4417; x_wconf 88' lang='lat' dir='ltr'>iisdem</span> <span class='ocrx_word' id='word_1_245' title='bbox 2625 4333 3230 4445; x_wconf 81' lang='lat' dir='ltr'>exponentibus</span> <span class='ocrx_word' id='word_1_246' title='bbox 3306 4335 3387 4419; x_wconf 90' lang='lat' dir='ltr'>in</span> <span class='ocrx_word' id='word_1_247' title='bbox 3459 4333 3835 4449; x_wconf 85' lang='lat' dir='ltr'>quolibet</span> <span class='ocrx_word' id='word_1_248' title='bbox 3892 4362 4179 4419; x_wconf 90' lang='lat' dir='ltr'>mense</span> <span class='ocrx_word' id='word_1_249' title='bbox 4228 4328 4406 4419; x_wconf 81' lang='lat' dir='ltr'>fieri</span> 
     </span>
     <span class='ocr_line' id='line_1_31' title="bbox 1034 4448 4404 4562; baseline 0.001 -26"><span class='ocrx_word' id='word_1_250' title='bbox 1034 4453 1307 4539; x_wconf 89' lang='lat' dir='ltr'>solent</span> <span class='ocrx_word' id='word_1_251' title='bbox 1356 4451 1458 4539; x_wconf 88' lang='lat' dir='ltr'>ad</span> <span class='ocrx_word' id='word_1_252' title='bbox 1512 4449 1903 4540; x_wconf 79' lang='lat' dir='ltr'>effectum</span> <span class='ocrx_word' id='word_1_253' title='bbox 1961 4449 2335 4537; x_wconf 87' lang='lat' dir='ltr'>lucrandi</span> <span class='ocrx_word' id='word_1_254' title='bbox 2426 4448 2994 4562; x_wconf 81' lang='lat' dir='ltr'>Indulgentias</span> <span class='ocrx_word' id='word_1_255' title='bbox 3071 4450 3383 4541; x_wconf 88' lang='lat' dir='ltr'>eisdem</span> <span class='ocrx_word' id='word_1_256' title='bbox 3467 4450 4307 4539; x_wconf 85' lang='lat' dir='ltr'>Confraternitatibus</span> <span class='ocrx_word' id='word_1_257' title='bbox 4355 4484 4404 4539; x_wconf 86' lang='lat' dir='ltr'>a</span> 
     </span>
     <span class='ocr_line' id='line_1_32' title="bbox 1038 4569 4155 4662; baseline 0 -6"><span class='ocrx_word' id='word_1_258' title='bbox 1038 4569 1427 4657; x_wconf 86' lang='lat' dir='ltr'>Romanis</span> <span class='ocrx_word' id='word_1_259' title='bbox 1475 4571 2024 4660; x_wconf 82' lang='lat' dir='ltr'>Pontificibus</span> <span class='ocrx_word' id='word_1_260' title='bbox 2075 4569 2848 4659; x_wconf 88' lang='lat' dir='ltr'>Praedecessoribus</span> <span class='ocrx_word' id='word_1_261' title='bbox 2902 4574 3193 4662; x_wconf 87' lang='lat' dir='ltr'>nostris</span> <span class='ocrx_word' id='word_1_262' title='bbox 3261 4576 3671 4661; x_wconf 79' lang='lat' dir='ltr'>concessis</span> <span class='ocrx_word' id='word_1_263' title='bbox 3717 4576 4155 4660; x_wconf 85' lang='lat' dir='ltr'>intersunt.</span> 
     </span>
     <span class='ocr_line' id='line_1_33' title="bbox 650 4689 4398 4810; baseline 0.002 -38"><span class='ocrx_word' id='word_1_264' title='bbox 650 4703 1010 4797; x_wconf 67' lang='lat' dir='ltr'>Episcopus</span> <span class='ocrx_word' id='word_1_265' title='bbox 1153 4694 1220 4794; x_wconf 81' lang='lat' dir='ltr'>S.</span> <span class='ocrx_word' id='word_1_266' title='bbox 1276 4693 1359 4778; x_wconf 84' lang='lat'>3.</span> <span class='ocrx_word' id='word_1_267' title='bbox 1425 4691 1644 4777; x_wconf 89' lang='lat' dir='ltr'>Cum</span> <span class='ocrx_word' id='word_1_268' title='bbox 1697 4716 1973 4781; x_wconf 88' lang='lat' dir='ltr'>autem</span> <span class='ocrx_word' id='word_1_269' title='bbox 2012 4756 2037 4799; x_wconf 92' lang='lat'>,</span> <span class='ocrx_word' id='word_1_270' title='bbox 2106 4696 2322 4780; x_wconf 89' lang='lat' dir='ltr'>sicut</span> <span class='ocrx_word' id='word_1_271' title='bbox 2398 4689 2686 4778; x_wconf 88' lang='lat' dir='ltr'>eadem</span> <span class='ocrx_word' id='word_1_272' title='bbox 2737 4695 3132 4810; x_wconf 85' lang='lat' dir='ltr'>expositio</span> <span class='ocrx_word' id='word_1_273' title='bbox 3192 4693 3811 4806; x_wconf 80' lang='lat' dir='ltr'>subjungebat,</span> <span class='ocrx_word' id='word_1_274' title='bbox 3872 4689 4398 4779; x_wconf 87' lang='lat' dir='ltr'>Venerabilis</span> 
     </span>
     <span class='ocr_line' id='line_1_34' title="bbox 642 4796 4394 4928; baseline 0.001 -33"><span class='ocrx_word' id='word_1_275' title='bbox 642 4796 1010 4870; x_wconf 67' lang='lat' dir='ltr'>mechom.-</span> <span class='ocrx_word' id='word_1_276' title='bbox 1035 4810 1323 4900; x_wconf 87' lang='lat' dir='ltr'>Frater</span> <span class='ocrx_word' id='word_1_277' title='bbox 1371 4811 1821 4900; x_wconf 90' lang='lat' dir='ltr'>modernus</span> <span class='ocrx_word' id='word_1_278' title='bbox 1895 4814 2357 4928; x_wconf 88' lang='lat' dir='ltr'>Episcopus</span> <span class='ocrx_word' id='word_1_279' title='bbox 2405 4810 2941 4900; x_wconf 86' lang='lat' dir='ltr'>Mecboacan.</span> <span class='ocrx_word' id='word_1_280' title='bbox 3016 4816 3103 4900; x_wconf 86' lang='lat' dir='ltr'>in</span> <span class='ocrx_word' id='word_1_281' title='bbox 3155 4812 3471 4922; x_wconf 81' lang='lat' dir='ltr'>Indiis,</span> <span class='ocrx_word' id='word_1_282' title='bbox 3531 4845 3698 4900; x_wconf 91' lang='lat' dir='ltr'>non</span> <span class='ocrx_word' id='word_1_283' title='bbox 3777 4814 4050 4900; x_wconf 88' lang='lat' dir='ltr'>solum</span> <span class='ocrx_word' id='word_1_284' title='bbox 4110 4842 4394 4927; x_wconf 79' lang='lat' dir='ltr'>supru-</span> 
     </span>
     <span class='ocr_line' id='line_1_35' title="bbox 645 4910 4396 5051; baseline 0.001 -35"><span class='ocrx_word' id='word_1_285' title='bbox 645 4910 916 5051; x_wconf 54' lang='grc' dir='ltr'>’ᾚῖζῗ</span> <span class='ocrx_word' id='word_1_286' title='bbox 1033 4928 1292 5021; x_wconf 86' lang='lat' dir='ltr'>dictas</span> <span class='ocrx_word' id='word_1_287' title='bbox 1354 4931 2091 5022; x_wconf 83' lang='lat' dir='ltr'>Confraternitates</span> <span class='ocrx_word' id='word_1_288' title='bbox 2159 4936 2244 5018; x_wconf 91' lang='lat' dir='ltr'>in</span> <span class='ocrx_word' id='word_1_289' title='bbox 2308 4920 2794 5020; x_wconf 78' lang='lat' dir='ltr'>eorumdem</span> <span class='ocrx_word' id='word_1_290' title='bbox 2875 4936 3464 5051; x_wconf 84' lang='lat' dir='ltr'>exponentium</span> <span class='ocrx_word' id='word_1_291' title='bbox 3546 4934 3941 5023; x_wconf 88' lang='lat' dir='ltr'>Ecclesiis</span> <span class='ocrx_word' id='word_1_292' title='bbox 4023 4954 4396 5037; x_wconf 87' lang='lat' dir='ltr'>erectas,</span> 
     </span>
     <span class='ocr_line' id='line_1_36' title="bbox 643 5004 869 5055; baseline 0.031 -7"><span class='ocrx_word' id='word_1_293' title='bbox 643 5004 686 5048; x_wconf 70' lang='grc' dir='ltr'>Υ</span> <span class='ocrx_word' id='word_1_294' title='bbox 836 5007 869 5055; x_wconf 70' lang='lat'>1⁸</span> 
     </span>
     <span class='ocr_line' id='line_1_37' title="bbox 638 5050 4397 5173; baseline 0 -34"><span class='ocrx_word' id='word_1_295' title='bbox 638 5084 865 5144; x_wconf 54' lang='lat' dir='ltr'>aaut.</span> <span class='ocrx_word' id='word_1_296' title='bbox 1031 5082 1356 5142; x_wconf 87' lang='lat' dir='ltr'>necnon</span> <span class='ocrx_word' id='word_1_297' title='bbox 1412 5059 1659 5142; x_wconf 88' lang='lat' dir='ltr'>etiam</span> <span class='ocrx_word' id='word_1_298' title='bbox 1709 5050 2133 5173; x_wconf 86' lang='lat' dir='ltr'>quoddam</span> <span class='ocrx_word' id='word_1_299' title='bbox 2197 5051 2676 5140; x_wconf 89' lang='lat' dir='ltr'>Oratorium</span> <span class='ocrx_word' id='word_1_300' title='bbox 2729 5055 2998 5141; x_wconf 84' lang='lat' dir='ltr'>rurale</span> <span class='ocrx_word' id='word_1_301' title='bbox 3059 5052 3495 5171; x_wconf 81' lang='lat' dir='ltr'>cujusdam</span> <span class='ocrx_word' id='word_1_302' title='bbox 3571 5050 3883 5169; x_wconf 76' lang='lat' dir='ltr'>praedii</span> <span class='ocrx_word' id='word_1_303' title='bbox 3931 5086 4081 5170; x_wconf 87' lang='lat' dir='ltr'>per</span> <span class='ocrx_word' id='word_1_304' title='bbox 4129 5050 4397 5140; x_wconf 88' lang='lat' dir='ltr'>dictos</span> 
     </span>
     <span class='ocr_line' id='line_1_38' title="bbox 1024 5172 4395 5293; baseline -0 -32"><span class='ocrx_word' id='word_1_305' title='bbox 1024 5200 1527 5290; x_wconf 84' lang='lat' dir='ltr'>exponentes</span> <span class='ocrx_word' id='word_1_306' title='bbox 1573 5177 1956 5290; x_wconf 88' lang='lat' dir='ltr'>possessi,</span> <span class='ocrx_word' id='word_1_307' title='bbox 2010 5175 2095 5259; x_wconf 91' lang='lat' dir='ltr'>in</span> <span class='ocrx_word' id='word_1_308' title='bbox 2148 5203 2318 5293; x_wconf 88' lang='lat' dir='ltr'>quo</span> <span class='ocrx_word' id='word_1_309' title='bbox 2355 5172 2743 5286; x_wconf 86' lang='lat' dir='ltr'>Religiosi</span> <span class='ocrx_word' id='word_1_310' title='bbox 2790 5197 3292 5263; x_wconf 86' lang='lat' dir='ltr'>memoratae</span> <span class='ocrx_word' id='word_1_311' title='bbox 3340 5173 4019 5289; x_wconf 82' lang='lat' dir='ltr'>Congregationis</span> <span class='ocrx_word' id='word_1_312' title='bbox 4055 5174 4395 5263; x_wconf 86' lang='lat' dir='ltr'>Missam</span> 
     </span>
     <span class='ocr_line' id='line_1_39' title="bbox 1023 5290 4396 5411; baseline -0 -30"><span class='ocrx_word' id='word_1_313' title='bbox 1023 5325 1180 5410; x_wconf 86' lang='lat' dir='ltr'>pro</span> <span class='ocrx_word' id='word_1_314' title='bbox 1223 5295 1630 5411; x_wconf 85' lang='lat' dir='ltr'>spirituali</span> <span class='ocrx_word' id='word_1_315' title='bbox 1698 5295 2183 5384; x_wconf 88' lang='lat' dir='ltr'>colonorum</span> <span class='ocrx_word' id='word_1_316' title='bbox 2232 5290 2547 5391; x_wconf 87' lang='lat' dir='ltr'>ibidem</span> <span class='ocrx_word' id='word_1_317' title='bbox 2599 5298 3290 5384; x_wconf 84' lang='lat' dir='ltr'>commorantium</span> <span class='ocrx_word' id='word_1_318' title='bbox 3351 5295 3909 5398; x_wconf 83' lang='lat' dir='ltr'>consolatione</span> <span class='ocrx_word' id='word_1_319' title='bbox 3973 5290 4396 5382; x_wconf 83' lang='lat' dir='ltr'>celebrare</span> 
     </span>
     <span class='ocr_line' id='line_1_40' title="bbox 1025 5416 4390 5527; baseline -0.001 -25"><span class='ocrx_word' id='word_1_320' title='bbox 1025 5438 1638 5518; x_wconf 87' lang='lat' dir='ltr'>consueverunt</span> <span class='ocrx_word' id='word_1_321' title='bbox 1670 5480 1699 5524; x_wconf 88' lang='lat'>,</span> <span class='ocrx_word' id='word_1_322' title='bbox 1763 5416 2090 5504; x_wconf 80' lang='lat' dir='ltr'>visitare</span> <span class='ocrx_word' id='word_1_323' title='bbox 2147 5416 2653 5527; x_wconf 81' lang='lat' dir='ltr'>tentaverit3</span> <span class='ocrx_word' id='word_1_324' title='bbox 2800 5416 2981 5504; x_wconf 85' lang='lat' dir='ltr'>obis</span> <span class='ocrx_word' id='word_1_325' title='bbox 3088 5446 3176 5504; x_wconf 90' lang='lat' dir='ltr'>ro</span> <span class='ocrx_word' id='word_1_326' title='bbox 3236 5439 3457 5506; x_wconf 83' lang='lat' dir='ltr'>terea</span> <span class='ocrx_word' id='word_1_327' title='bbox 3515 5418 3573 5507; x_wconf 88' lang='lat' dir='ltr'>ii</span> <span class='ocrx_word' id='word_1_328' title='bbox 3687 5446 3774 5503; x_wconf 85' lang='lat' dir='ltr'>m</span> <span class='ocrx_word' id='word_1_329' title='bbox 3834 5446 3931 5505; x_wconf 84' lang='lat' dir='ltr'>ex</span> <span class='ocrx_word' id='word_1_330' title='bbox 4043 5433 4390 5517; x_wconf 84' lang='lat' dir='ltr'>nentes,</span> 
     </span>
     <span class='ocr_line' id='line_1_41' title="bbox 2712 5412 4041 5547; baseline 0 -14"><span class='ocrx_word' id='word_1_331' title='bbox 2712 5412 2797 5502; x_wconf 82' lang='grc' dir='ltr'><strong>Ν</strong></span> <span class='ocrx_word' id='word_1_332' title='bbox 3023 5448 3082 5533; x_wconf 79' lang='lat' dir='ltr'><strong>P</strong></span> <span class='ocrx_word' id='word_1_333' title='bbox 3177 5448 3233 5533; x_wconf 75' lang='lat' dir='ltr'>r</span> <span class='ocrx_word' id='word_1_334' title='bbox 3578 5412 3685 5504; x_wconf 68' lang='lat' dir='ltr'>de</span> <span class='ocrx_word' id='word_1_335' title='bbox 3881 5444 4041 5547; x_wconf 70' lang='grc' dir='ltr'>,ΡΟ</span> 
     </span>
    </p>
   </div>
   <div class='ocr_carea' id='block_1_9' title="bbox 1024 5532 4392 5657">
    <p class='ocr_par' dir='ltr' id='par_1_12' title="bbox 1024 5532 4392 5657">
     <span class='ocr_line' id='line_1_42' title="bbox 1024 5532 4392 5657; baseline 0.001 -35"><span class='ocrx_word' id='word_1_336' title='bbox 1024 5565 1137 5626; x_wconf 87' lang='lat' dir='ltr'>ne</span> <span class='ocrx_word' id='word_1_337' title='bbox 1195 5535 1404 5657; x_wconf 84' lang='lat' dir='ltr'>quid</span> <span class='ocrx_word' id='word_1_338' title='bbox 1446 5532 1714 5632; x_wconf 82' lang='lat' dir='ltr'>simile</span> <span class='ocrx_word' id='word_1_339' title='bbox 1762 5538 1846 5624; x_wconf 86' lang='lat' dir='ltr'>in</span> <span class='ocrx_word' id='word_1_340' title='bbox 1896 5558 2317 5657; x_wconf 85' lang='lat' dir='ltr'>posterum</span> <span class='ocrx_word' id='word_1_341' title='bbox 2365 5566 2516 5653; x_wconf 88' lang='lat' dir='ltr'>per</span> <span class='ocrx_word' id='word_1_342' title='bbox 2563 5536 2774 5626; x_wconf 85' lang='lat' dir='ltr'>alios</span> <span class='ocrx_word' id='word_1_343' title='bbox 2819 5536 3198 5631; x_wconf 85' lang='lat' dir='ltr'>locorum</span> <span class='ocrx_word' id='word_1_344' title='bbox 3231 5533 3722 5631; x_wconf 81' lang='lat' dir='ltr'>ordinarios</span> <span class='ocrx_word' id='word_1_345' title='bbox 3765 5534 4146 5630; x_wconf 79' lang='lat' dir='ltr'>attentari</span> <span class='ocrx_word' id='word_1_346' title='bbox 4195 5562 4392 5624; x_wconf 84' lang='lat' dir='ltr'>con·</span> 
     </span>
    </p>
   </div>
  </div>
 </body>
</html>
