<?xml version="1.0" encoding="UTF-8"?>
<!DOCTYPE html PUBLIC "-//W3C//DTD XHTML 1.0 Transitional//EN"
    "http://www.w3.org/TR/xhtml1/DTD/xhtml1-transitional.dtd">
<html xmlns="http://www.w3.org/1999/xhtml" xml:lang="en" lang="en">
 <head>
  <title>
</title>
<meta http-equiv="Content-Type" content="text/html;charset=utf-8" />
  <meta name='ocr-system' content='tesseract 3.04.00' />
  <meta name='ocr-capabilities' content='ocr_page ocr_carea ocr_par ocr_line ocrx_word'/>
</head>
<body>
  <div class='ocr_page' id='page_1' title='image "./bullariumpontif00fidegoog_0390.png"; bbox 0 0 4834 6409; ppageno 0'>
   <div class='ocr_carea' id='block_1_1' title="bbox 1019 517 4422 1240">
    <p class='ocr_par' dir='ltr' id='par_1_1' title="bbox 1019 517 4422 1240">
     <span class='ocr_line' id='line_1_1' title="bbox 1019 517 4417 644; baseline -0.004 -29"><span class='ocrx_word' id='word_1_1' title='bbox 1019 559 1372 644; x_wconf 25' lang='lat' dir='ltr'><strong>‘cessum</strong></span> <span class='ocrx_word' id='word_1_2' title='bbox 1414 524 1890 642; x_wconf 86' lang='lat' dir='ltr'><strong>judicialem</strong></span> <span class='ocrx_word' id='word_1_3' title='bbox 1921 590 1953 629; x_wconf 88' lang='lat'><strong>,</strong></span> <span class='ocrx_word' id='word_1_4' title='bbox 2007 525 2513 642; x_wconf 79' lang='lat' dir='ltr'><strong>propriaque</strong></span> <span class='ocrx_word' id='word_1_5' title='bbox 2546 557 2815 621; x_wconf 75' lang='lat' dir='ltr'><strong>‚manu</strong></span> <span class='ocrx_word' id='word_1_6' title='bbox 2866 527 3423 641; x_wconf 75' lang='lat' dir='ltr'><strong>subscriptum</strong></span> <span class='ocrx_word' id='word_1_7' title='bbox 3458 591 3488 636; x_wconf 90' lang='lat'><strong>,</strong></span> <span class='ocrx_word' id='word_1_8' title='bbox 3526 548 3639 612; x_wconf 89' lang='lat' dir='ltr'><strong>·et</strong></span> <span class='ocrx_word' id='word_1_9' title='bbox 3685 522 3953 635; x_wconf 84' lang='lat' dir='ltr'><strong>sigillo</strong></span> <span class='ocrx_word' id='word_1_10' title='bbox 3998 517 4417 603; x_wconf 81' lang='lat' dir='ltr'><strong>Monaste·</strong></span> 
     </span>
     <span class='ocr_line' id='line_1_2' title="bbox 1041 643 4421 764; baseline -0.004 -28"><span class='ocrx_word' id='word_1_11' title='bbox 1041 652 1144 737; x_wconf 83' lang='lat' dir='ltr'><strong>rii</strong></span> <span class='ocrx_word' id='word_1_12' title='bbox 1206 652 1613 759; x_wconf 89' lang='lat' dir='ltr'><strong>signatum</strong></span> <span class='ocrx_word' id='word_1_13' title='bbox 1696 650 2189 732; x_wconf 86' lang='lat' dir='ltr'><strong>transmittat</strong></span> <span class='ocrx_word' id='word_1_14' title='bbox 2264 643 2372 729; x_wconf 87' lang='lat' dir='ltr'><strong>ad</strong></span> <span class='ocrx_word' id='word_1_15' title='bbox 2458 648 3008 764; x_wconf 74' lang='lat' dir='ltr'><strong>Superiorem.</strong></span> <span class='ocrx_word' id='word_1_16' title='bbox 3050 648 3269 735; x_wconf 88' lang='lat' dir='ltr'><strong>·V11.</strong></span> <span class='ocrx_word' id='word_1_17' title='bbox 3332 643 3731 736; x_wconf 88' lang='lat' dir='ltr'><strong>Monachi</strong></span> <span class='ocrx_word' id='word_1_18' title='bbox 3796 671 4081 729; x_wconf 89' lang='lat' dir='ltr'><strong>omnes</strong></span> <span class='ocrx_word' id='word_1_19' title='bbox 4131 666 4421 724; x_wconf 82' lang='lat' dir='ltr'><strong>curare</strong></span> 
     </span>
     <span class='ocr_line' id='line_1_3' title="bbox 1045 752 4421 884; baseline -0.003 -33"><span class='ocrx_word' id='word_1_20' title='bbox 1045 766 1362 881; x_wconf 80' lang='lat' dir='ltr'><strong>debent</strong></span> <span class='ocrx_word' id='word_1_21' title='bbox 1404 752 1726 884; x_wconf 69' lang='lat' dir='ltr'><strong>prime,</strong></span> <span class='ocrx_word' id='word_1_22' title='bbox 1780 790 1872 851; x_wconf 90' lang='lat' dir='ltr'><strong>ut</strong></span> <span class='ocrx_word' id='word_1_23' title='bbox 1923 764 2553 883; x_wconf 64' lang='lat' dir='ltr'><strong>delinquentem</strong></span> <span class='ocrx_word' id='word_1_24' title='bbox 2604 766 3089 869; x_wconf 65' lang='lat' dir='ltr'><strong>charitative</strong></span> <span class='ocrx_word' id='word_1_25' title='bbox 3138 792 3536 863; x_wconf 81' lang='lat' dir='ltr'><strong>moneant</strong></span> <span class='ocrx_word' id='word_1_26' title='bbox 3580 774 3808 882; x_wconf 78' lang='lat' dir='ltr'><strong>juxta</strong></span> <span class='ocrx_word' id='word_1_27' title='bbox 3874 766 3956 848; x_wconf 89' lang='lat' dir='ltr'><strong>S.</strong></span> <span class='ocrx_word' id='word_1_28' title='bbox 4042 762 4421 867; x_wconf 86' lang='lat' dir='ltr'><strong>Evange-</strong></span> 
     </span>
     <span class='ocr_line' id='line_1_4' title="bbox 1044 885 4417 1008; baseline -0.001 -35"><span class='ocrx_word' id='word_1_29' title='bbox 1044 889 1307 996; x_wconf 90' lang='lat' dir='ltr'><strong>lium,</strong></span> <span class='ocrx_word' id='word_1_30' title='bbox 1384 912 1826 1008; x_wconf 83' lang='lat' dir='ltr'><strong>antequam</strong></span> <span class='ocrx_word' id='word_1_31' title='bbox 1890 912 2322 974; x_wconf 82' lang='lat' dir='ltr'><strong>accusetur</strong></span> <span class='ocrx_word' id='word_1_32' title='bbox 2366 892 2408 994; x_wconf 75' lang='lat'><strong>,&#39;</strong></span> <span class='ocrx_word' id='word_1_33' title='bbox 2463 890 2593 974; x_wconf 88' lang='lat' dir='ltr'><strong>vel</strong></span> <span class='ocrx_word' id='word_1_34' title='bbox 2652 887 3263 981; x_wconf 79' lang='lat' dir='ltr'><strong>denuncietur:</strong></span> <span class='ocrx_word' id='word_1_35' title='bbox 3334 885 3704 976; x_wconf 89' lang='lat' dir='ltr'><strong>secundo</strong></span> <span class='ocrx_word' id='word_1_36' title='bbox 3740 950 3763 993; x_wconf 94' lang='lat'><strong>,</strong></span> <span class='ocrx_word' id='word_1_37' title='bbox 3828 909 3926 969; x_wconf 91' lang='lat' dir='ltr'><strong>ut</strong></span> <span class='ocrx_word' id='word_1_38' title='bbox 4002 903 4417 1002; x_wconf 84' lang='lat' dir='ltr'><strong>quantum</strong></span> 
     </span>
     <span class='ocr_line' id='line_1_5' title="bbox 1042 1006 4422 1145; baseline -0.003 -51"><span class='ocrx_word' id='word_1_39' title='bbox 1042 1006 1225 1095; x_wconf 85' lang='lat' dir='ltr'><strong>fieri</strong></span> <span class='ocrx_word' id='word_1_40' title='bbox 1290 1033 1583 1122; x_wconf 89' lang='lat' dir='ltr'><strong>potest,</strong></span> <span class='ocrx_word' id='word_1_41' title='bbox 1635 1011 1946 1145; x_wconf 50' lang='lat' dir='ltr'><strong>evitent</strong></span> <span class='ocrx_word' id='word_1_42' title='bbox 1993 1006 2342 1093; x_wconf 83' lang='lat' dir='ltr'><strong>formam</strong></span> <span class='ocrx_word' id='word_1_43' title='bbox 2403 1006 2744 1114; x_wconf 87' lang='lat' dir='ltr'><strong>Judicii,</strong></span> <span class='ocrx_word' id='word_1_44' title='bbox 2818 1010 3249 1126; x_wconf 88' lang='lat' dir='ltr'><strong>multoque</strong></span> <span class='ocrx_word' id='word_1_45' title='bbox 3300 1014 3556 1120; x_wconf 85' lang='lat' dir='ltr'><strong>magis</strong></span> <span class='ocrx_word' id='word_1_46' title='bbox 3606 1007 4168 1118; x_wconf 79' lang='lat' dir='ltr'><strong>exceptiones,</strong></span> <span class='ocrx_word' id='word_1_47' title='bbox 4208 1028 4422 1119; x_wconf 88' lang='lat' dir='ltr'><strong>quae</strong></span> 
     </span>
     <span class='ocr_line' id='line_1_6' title="bbox 1047 1120 4417 1240; baseline -0.002 -28"><span class='ocrx_word' id='word_1_48' title='bbox 1047 1126 1222 1239; x_wconf 84' lang='lat' dir='ltr'><strong>dari</strong></span> <span class='ocrx_word' id='word_1_49' title='bbox 1285 1129 1552 1214; x_wconf 90' lang='lat' dir='ltr'><strong>solent</strong></span> <span class='ocrx_word' id='word_1_50' title='bbox 1585 1192 1612 1235; x_wconf 93' lang='lat'><strong>,</strong></span> <span class='ocrx_word' id='word_1_51' title='bbox 1658 1128 1794 1214; x_wconf 83' lang='lat' dir='ltr'><strong>vel</strong></span> <span class='ocrx_word' id='word_1_52' title='bbox 1869 1152 2214 1240; x_wconf 81' lang='lat' dir='ltr'><strong>possunt</strong></span> <span class='ocrx_word' id='word_1_53' title='bbox 2263 1154 2545 1217; x_wconf 89' lang='lat' dir='ltr'><strong>contra</strong></span> <span class='ocrx_word' id='word_1_54' title='bbox 2630 1130 3253 1217; x_wconf 76' lang='lat' dir='ltr'><strong>solemnitatem.</strong></span> <span class='ocrx_word' id='word_1_55' title='bbox 3294 1130 3519 1216; x_wconf 83' lang='lat' dir='ltr'><strong>Juris</strong></span> <span class='ocrx_word' id='word_1_56' title='bbox 3583 1132 3664 1214; x_wconf 92' lang='lat' dir='ltr'><strong>in</strong></span> <span class='ocrx_word' id='word_1_57' title='bbox 3721 1128 4117 1211; x_wconf 84' lang='lat' dir='ltr'><strong>Processu</strong></span> <span class='ocrx_word' id='word_1_58' title='bbox 4166 1120 4417 1226; x_wconf 86' lang='lat' dir='ltr'><strong>facto,</strong></span> 
     </span>
    </p>
   </div>
   <div class='ocr_carea' id='block_1_2' title="bbox 1046 1238 4563 1373">
    <p class='ocr_par' dir='ltr' id='par_1_2' title="bbox 1046 1238 4563 1373">
     <span class='ocr_line' id='line_1_7' title="bbox 1046 1238 4563 1373; baseline -0.002 -39"><span class='ocrx_word' id='word_1_59' title='bbox 1046 1273 1131 1334; x_wconf 88' lang='lat' dir='ltr'><strong>et</strong></span> <span class='ocrx_word' id='word_1_60' title='bbox 1179 1251 1583 1335; x_wconf 89' lang='lat' dir='ltr'><strong>sententia</strong></span> <span class='ocrx_word' id='word_1_61' title='bbox 1637 1249 1821 1334; x_wconf 88' lang='lat' dir='ltr'><strong>lata.</strong></span> <span class='ocrx_word' id='word_1_62' title='bbox 1890 1247 2100 1333; x_wconf 89' lang='lat' dir='ltr'><strong>Nam</strong></span> <span class='ocrx_word' id='word_1_63' title='bbox 2155 1248 2641 1334; x_wconf 85' lang='lat' dir='ltr'><strong>Institutum</strong></span> <span class='ocrx_word' id='word_1_64' title='bbox 2691 1250 3243 1337; x_wconf 87' lang='lat' dir='ltr'><strong>Monasticum</strong></span> <span class='ocrx_word' id='word_1_65' title='bbox 3284 1313 3313 1355; x_wconf 91' lang='lat'><strong>,</strong></span> <span class='ocrx_word' id='word_1_66' title='bbox 3364 1238 3595 1369; x_wconf 79' lang='lat' dir='ltr'><strong>quod</strong></span> <span class='ocrx_word' id='word_1_67' title='bbox 3645 1276 4157 1361; x_wconf 82' lang='lat' dir='ltr'><strong>assumpsere</strong></span> <span class='ocrx_word' id='word_1_68' title='bbox 4193 1305 4218 1347; x_wconf 91' lang='lat'><strong>,</strong></span> <span class='ocrx_word' id='word_1_69' title='bbox 4274 1239 4422 1327; x_wconf 84' lang='lat' dir='ltr'><strong>do·</strong></span> <span class='ocrx_word' id='word_1_70' title='bbox 4548 1364 4563 1373; x_wconf 39' lang='lat'><strong>·</strong></span> 
     </span>
    </p>
   </div>
   <div class='ocr_carea' id='block_1_3' title="bbox 1021 1366 4426 3172">
    <p class='ocr_par' dir='ltr' id='par_1_3' title="bbox 1021 1366 4426 3172">
     <span class='ocr_line' id='line_1_8' title="bbox 1047 1366 4417 1485; baseline -0.002 -31"><span class='ocrx_word' id='word_1_71' title='bbox 1047 1393 1180 1454; x_wconf 89' lang='lat' dir='ltr'><strong>cet</strong></span> <span class='ocrx_word' id='word_1_72' title='bbox 1243 1401 1381 1454; x_wconf 83' lang='lat' dir='ltr'><strong>eos</strong></span> <span class='ocrx_word' id='word_1_73' title='bbox 1459 1400 1627 1453; x_wconf 90' lang='lat' dir='ltr'><strong>non</strong></span> <span class='ocrx_word' id='word_1_74' title='bbox 1714 1366 2217 1454; x_wconf 81' lang='lat' dir='ltr'><strong>contendere</strong></span> <span class='ocrx_word' id='word_1_75' title='bbox 2265 1369 2581 1484; x_wconf 87' lang='lat' dir='ltr'><strong>judicio</strong></span> <span class='ocrx_word' id='word_1_76' title='bbox 2618 1435 2646 1473; x_wconf 92' lang='lat'>‚</span> <span class='ocrx_word' id='word_1_77' title='bbox 2726 1368 2875 1455; x_wconf 80' lang='lat' dir='ltr'><strong>sed</strong></span> <span class='ocrx_word' id='word_1_78' title='bbox 2928 1376 3297 1485; x_wconf 89' lang='lat' dir='ltr'><strong>propriae</strong></span> <span class='ocrx_word' id='word_1_79' title='bbox 3381 1371 3790 1455; x_wconf 85' lang='lat' dir='ltr'><strong>voluntati</strong></span> <span class='ocrx_word' id='word_1_80' title='bbox 3869 1368 4417 1467; x_wconf 85' lang='lat' dir='ltr'><strong>renunciare,</strong></span> 
     </span>
     <span class='ocr_line' id='line_1_9' title="bbox 1027 1484 4419 1609; baseline -0.002 -36"><span class='ocrx_word' id='word_1_81' title='bbox 1027 1492 1635 1609; x_wconf 32' lang='lat' dir='ltr'><strong>,poenitentiam</strong></span> <span class='ocrx_word' id='word_1_82' title='bbox 1689 1520 1978 1599; x_wconf 87' lang='lat' dir='ltr'><strong>agere,</strong></span> <span class='ocrx_word' id='word_1_83' title='bbox 2033 1513 2117 1573; x_wconf 90' lang='lat' dir='ltr'><strong>et</strong></span> <span class='ocrx_word' id='word_1_84' title='bbox 2164 1521 2315 1600; x_wconf 91' lang='lat' dir='ltr'><strong>pro</strong></span> <span class='ocrx_word' id='word_1_85' title='bbox 2361 1490 2732 1576; x_wconf 89' lang='lat' dir='ltr'><strong>Domino</strong></span> <span class='ocrx_word' id='word_1_86' title='bbox 2784 1496 2975 1604; x_wconf 89' lang='lat' dir='ltr'><strong>pati.</strong></span> <span class='ocrx_word' id='word_1_87' title='bbox 3040 1492 3279 1575; x_wconf 81' lang='lat' dir='ltr'><strong>Vlll.</strong></span> <span class='ocrx_word' id='word_1_88' title='bbox 3343 1489 3533 1575; x_wconf 87' lang='lat' dir='ltr'><strong>Non</strong></span> <span class='ocrx_word' id='word_1_89' title='bbox 3584 1488 3840 1575; x_wconf 88' lang='lat' dir='ltr'><strong>debet</strong></span> <span class='ocrx_word' id='word_1_90' title='bbox 3900 1491 3985 1572; x_wconf 87' lang='lat' dir='ltr'><strong>in</strong></span> <span class='ocrx_word' id='word_1_91' title='bbox 4045 1517 4131 1570; x_wconf 90' lang='lat' dir='ltr'><strong>re</strong></span> <span class='ocrx_word' id='word_1_92' title='bbox 4185 1484 4343 1570; x_wconf 89' lang='lat' dir='ltr'><strong>levi</strong></span> <span class='ocrx_word' id='word_1_93' title='bbox 4394 1547 4419 1588; x_wconf 92' lang='lat'><strong>,</strong></span> 
     </span>
     <span class='ocr_line' id='line_1_10' title="bbox 1042 1603 4422 1723; baseline -0 -33"><span class='ocrx_word' id='word_1_94' title='bbox 1042 1608 1177 1696; x_wconf 83' lang='lat' dir='ltr'><strong>vel</strong></span> <span class='ocrx_word' id='word_1_95' title='bbox 1232 1640 1326 1694; x_wconf 84' lang='lat' dir='ltr'><strong>ex</strong></span> <span class='ocrx_word' id='word_1_96' title='bbox 1375 1640 1599 1694; x_wconf 85' lang='lat' dir='ltr'><strong>mera</strong></span> <span class='ocrx_word' id='word_1_97' title='bbox 1647 1612 2115 1723; x_wconf 82' lang='lat' dir='ltr'><strong>suspicione</strong></span> <span class='ocrx_word' id='word_1_98' title='bbox 2168 1608 2343 1693; x_wconf 85' lang='lat' dir='ltr'><strong>fieri</strong></span> <span class='ocrx_word' id='word_1_99' title='bbox 2396 1615 2810 1697; x_wconf 74' lang='lat' dir='ltr'><strong>accusatio</strong></span> <span class='ocrx_word' id='word_1_100' title='bbox 2846 1674 2871 1716; x_wconf 90' lang='lat'><strong>,</strong></span> <span class='ocrx_word' id='word_1_101' title='bbox 2923 1637 3069 1709; x_wconf 81' lang='lat' dir='ltr'><strong>aut</strong></span> <span class='ocrx_word' id='word_1_102' title='bbox 3106 1610 3719 1699; x_wconf 80' lang='lat' dir='ltr'><strong>denunciatio:</strong></span> <span class='ocrx_word' id='word_1_103' title='bbox 3777 1606 3924 1693; x_wconf 89' lang='lat' dir='ltr'><strong>sed</strong></span> <span class='ocrx_word' id='word_1_104' title='bbox 3974 1610 4059 1692; x_wconf 90' lang='lat' dir='ltr'><strong>in</strong></span> <span class='ocrx_word' id='word_1_105' title='bbox 4114 1603 4422 1690; x_wconf 88' lang='lat' dir='ltr'><strong>delicto</strong></span> 
     </span>
     <span class='ocr_line' id='line_1_11' title="bbox 1045 1726 4426 1848; baseline -0.001 -35"><span class='ocrx_word' id='word_1_106' title='bbox 1045 1733 1301 1839; x_wconf 89' lang='lat' dir='ltr'><strong>gravi,</strong></span> <span class='ocrx_word' id='word_1_107' title='bbox 1356 1753 1438 1814; x_wconf 89' lang='lat' dir='ltr'><strong>et</strong></span> <span class='ocrx_word' id='word_1_108' title='bbox 1488 1751 1741 1834; x_wconf 90' lang='lat' dir='ltr'><strong>cert0,</strong></span> <span class='ocrx_word' id='word_1_109' title='bbox 1785 1731 1917 1814; x_wconf 90' lang='lat' dir='ltr'><strong>vel</strong></span> <span class='ocrx_word' id='word_1_110' title='bbox 1971 1733 2200 1848; x_wconf 89' lang='lat' dir='ltr'><strong>quasi</strong></span> <span class='ocrx_word' id='word_1_111' title='bbox 2254 1755 2500 1817; x_wconf 78' lang='lat' dir='ltr'><strong>certe.</strong></span> <span class='ocrx_word' id='word_1_112' title='bbox 2558 1731 2768 1827; x_wconf 74' lang='lat' dir='ltr'><strong>Item</strong></span> <span class='ocrx_word' id='word_1_113' title='bbox 2820 1731 2923 1821; x_wconf 88' lang='lat' dir='ltr'><strong>ab</strong></span> <span class='ocrx_word' id='word_1_114' title='bbox 2973 1735 3496 1819; x_wconf 79' lang='lat' dir='ltr'><strong>accusatione</strong></span> <span class='ocrx_word' id='word_1_115' title='bbox 3544 1726 4105 1816; x_wconf 83' lang='lat' dir='ltr'><strong>excluduntur</strong></span> <span class='ocrx_word' id='word_1_116' title='bbox 4154 1727 4426 1812; x_wconf 88' lang='lat' dir='ltr'><strong>ebrio-</strong></span> 
     </span>
     <span class='ocr_line' id='line_1_12' title="bbox 1044 1843 4415 1964; baseline 0 -32"><span class='ocrx_word' id='word_1_117' title='bbox 1044 1852 1108 1932; x_wconf 89' lang='lat' dir='ltr'><strong>si</strong></span> <span class='ocrx_word' id='word_1_118' title='bbox 1147 1913 1174 1951; x_wconf 92' lang='lat'><strong>,</strong></span> <span class='ocrx_word' id='word_1_119' title='bbox 1226 1847 1768 1953; x_wconf 83' lang='lat' dir='ltr'><strong>detractores,</strong></span> <span class='ocrx_word' id='word_1_120' title='bbox 1822 1847 2256 1954; x_wconf 88' lang='lat' dir='ltr'><strong>iracundi,</strong></span> <span class='ocrx_word' id='word_1_121' title='bbox 2315 1876 2460 1937; x_wconf 89' lang='lat' dir='ltr'><strong>aut</strong></span> <span class='ocrx_word' id='word_1_122' title='bbox 2510 1852 2918 1937; x_wconf 84' lang='lat' dir='ltr'><strong>similibus</strong></span> <span class='ocrx_word' id='word_1_123' title='bbox 2970 1856 3185 1938; x_wconf 87' lang='lat' dir='ltr'><strong>vitiis</strong></span> <span class='ocrx_word' id='word_1_124' title='bbox 3234 1853 3728 1954; x_wconf 83' lang='lat' dir='ltr'><strong>laborantes,</strong></span> <span class='ocrx_word' id='word_1_125' title='bbox 3781 1851 3926 1964; x_wconf 90' lang='lat' dir='ltr'><strong>qui</strong></span> <span class='ocrx_word' id='word_1_126' title='bbox 3978 1850 4206 1960; x_wconf 88' lang='lat' dir='ltr'><strong>prius</strong></span> <span class='ocrx_word' id='word_1_127' title='bbox 4254 1843 4415 1933; x_wconf 86' lang='lat' dir='ltr'><strong>sre-</strong></span> 
     </span>
     <span class='ocr_line' id='line_1_13' title="bbox 1045 1967 4419 2090; baseline -0 -38"><span class='ocrx_word' id='word_1_128' title='bbox 1045 1994 1402 2086; x_wconf 83' lang='lat' dir='ltr'><strong>quenter</strong></span> <span class='ocrx_word' id='word_1_129' title='bbox 1471 1972 1821 2073; x_wconf 86' lang='lat' dir='ltr'><strong>moniti,</strong></span> <span class='ocrx_word' id='word_1_130' title='bbox 1873 1967 2289 2055; x_wconf 90' lang='lat' dir='ltr'><strong>emendati</strong></span> <span class='ocrx_word' id='word_1_131' title='bbox 2358 2004 2519 2057; x_wconf 91' lang='lat' dir='ltr'><strong>non</strong></span> <span class='ocrx_word' id='word_1_132' title='bbox 2572 1970 2908 2057; x_wconf 84' lang='lat' dir='ltr'><strong>fuerint.</strong></span> <span class='ocrx_word' id='word_1_133' title='bbox 2972 1972 3087 2058; x_wconf 91' lang='lat' dir='ltr'><strong>Et</strong></span> <span class='ocrx_word' id='word_1_134' title='bbox 3138 1976 3281 2090; x_wconf 90' lang='lat' dir='ltr'><strong>qui</strong></span> <span class='ocrx_word' id='word_1_135' title='bbox 3333 2002 3539 2057; x_wconf 87' lang='lat' dir='ltr'><strong>voce</strong></span> <span class='ocrx_word' id='word_1_136' title='bbox 3590 1974 3852 2055; x_wconf 86' lang='lat' dir='ltr'><strong>activa</strong></span> <span class='ocrx_word' id='word_1_137' title='bbox 3886 2031 3913 2071; x_wconf 95' lang='lat'><strong>,</strong></span> <span class='ocrx_word' id='word_1_138' title='bbox 3975 1990 4058 2053; x_wconf 90' lang='lat' dir='ltr'><strong>et</strong></span> <span class='ocrx_word' id='word_1_139' title='bbox 4104 1970 4419 2080; x_wconf 86' lang='lat' dir='ltr'><strong>passiva</strong></span> 
     </span>
     <span class='ocr_line' id='line_1_14' title="bbox 1043 2085 4423 2201; baseline 0 -30"><span class='ocrx_word' id='word_1_140' title='bbox 1043 2093 1337 2201; x_wconf 89' lang='lat' dir='ltr'><strong>privati</strong></span> <span class='ocrx_word' id='word_1_141' title='bbox 1390 2109 1608 2191; x_wconf 89' lang='lat' dir='ltr'><strong>sunt,</strong></span> <span class='ocrx_word' id='word_1_142' title='bbox 1679 2085 1928 2174; x_wconf 89' lang='lat' dir='ltr'><strong>iidem</strong></span> <span class='ocrx_word' id='word_1_143' title='bbox 2004 2120 2167 2174; x_wconf 92' lang='lat' dir='ltr'><strong>non</strong></span> <span class='ocrx_word' id='word_1_144' title='bbox 2222 2087 2536 2178; x_wconf 87' lang='lat' dir='ltr'><strong>debent</strong></span> <span class='ocrx_word' id='word_1_145' title='bbox 2583 2127 2627 2178; x_wconf 90' lang='lat' dir='ltr'><strong>a</strong></span> <span class='ocrx_word' id='word_1_146' title='bbox 2675 2089 2974 2178; x_wconf 90' lang='lat' dir='ltr'><strong>Judice</strong></span> <span class='ocrx_word' id='word_1_147' title='bbox 3038 2089 3145 2179; x_wconf 88' lang='lat' dir='ltr'><strong>ad</strong></span> <span class='ocrx_word' id='word_1_148' title='bbox 3197 2093 3756 2178; x_wconf 87' lang='lat' dir='ltr'><strong>testimonium</strong></span> <span class='ocrx_word' id='word_1_149' title='bbox 3812 2085 4166 2189; x_wconf 86' lang='lat' dir='ltr'><strong>admitti,</strong></span> <span class='ocrx_word' id='word_1_150' title='bbox 4204 2086 4423 2171; x_wconf 87' lang='lat' dir='ltr'><strong>bene</strong></span> 
     </span>
     <span class='ocr_line' id='line_1_15' title="bbox 1044 2205 4422 2327; baseline -0 -36"><span class='ocrx_word' id='word_1_151' title='bbox 1044 2230 1316 2293; x_wconf 89' lang='lat' dir='ltr'><strong>tamen</strong></span> <span class='ocrx_word' id='word_1_152' title='bbox 1372 2206 1476 2292; x_wconf 89' lang='lat' dir='ltr'><strong>ad</strong></span> <span class='ocrx_word' id='word_1_153' title='bbox 1527 2205 2220 2294; x_wconf 86' lang='lat' dir='ltr'><strong>informationem.</strong></span> <span class='ocrx_word' id='word_1_154' title='bbox 2274 2209 2641 2316; x_wconf 86' lang='lat' dir='ltr'><strong>Quando</strong></span> <span class='ocrx_word' id='word_1_155' title='bbox 2693 2244 2887 2299; x_wconf 89' lang='lat' dir='ltr'><strong>vero</strong></span> <span class='ocrx_word' id='word_1_156' title='bbox 2936 2245 3033 2298; x_wconf 83' lang='lat' dir='ltr'><strong>ex</strong></span> <span class='ocrx_word' id='word_1_157' title='bbox 3082 2243 3467 2327; x_wconf 89' lang='lat' dir='ltr'><strong>processu</strong></span> <span class='ocrx_word' id='word_1_158' title='bbox 3521 2210 3977 2297; x_wconf 87' lang='lat' dir='ltr'><strong>constiterit</strong></span> <span class='ocrx_word' id='word_1_159' title='bbox 4025 2210 4422 2292; x_wconf 83' lang='lat' dir='ltr'><strong>innocen·-</strong></span> 
     </span>
     <span class='ocr_line' id='line_1_16' title="bbox 1041 2325 4418 2447; baseline 0.001 -39"><span class='ocrx_word' id='word_1_160' title='bbox 1041 2330 1152 2412; x_wconf 88' lang='lat' dir='ltr'><strong>tia</strong></span> <span class='ocrx_word' id='word_1_161' title='bbox 1206 2330 1561 2414; x_wconf 86' lang='lat' dir='ltr'><strong>accusati</strong></span> <span class='ocrx_word' id='word_1_162' title='bbox 1611 2392 1642 2431; x_wconf 90' lang='lat'><strong>,</strong></span> <span class='ocrx_word' id='word_1_163' title='bbox 1707 2327 1959 2415; x_wconf 90' lang='lat' dir='ltr'><strong>debet</strong></span> <span class='ocrx_word' id='word_1_164' title='bbox 2006 2363 2049 2415; x_wconf 92' lang='lat' dir='ltr'><strong>a</strong></span> <span class='ocrx_word' id='word_1_165' title='bbox 2097 2328 2399 2417; x_wconf 83' lang='lat' dir='ltr'><strong>Judice</strong></span> <span class='ocrx_word' id='word_1_166' title='bbox 2450 2356 2875 2419; x_wconf 89' lang='lat' dir='ltr'><strong>accusator</strong></span> <span class='ocrx_word' id='word_1_167' title='bbox 2924 2336 3005 2417; x_wconf 90' lang='lat' dir='ltr'><strong>in</strong></span> <span class='ocrx_word' id='word_1_168' title='bbox 3060 2364 3325 2447; x_wconf 87' lang='lat' dir='ltr'><strong>poena</strong></span> <span class='ocrx_word' id='word_1_169' title='bbox 3375 2332 3747 2418; x_wconf 90' lang='lat' dir='ltr'><strong>Talionis</strong></span> <span class='ocrx_word' id='word_1_170' title='bbox 3824 2325 4418 2413; x_wconf 87' lang='lat' dir='ltr'><strong>condemnari.</strong></span> 
     </span>
     <span class='ocr_line' id='line_1_17' title="bbox 1021 2444 4420 2571; baseline 0.001 -42"><span class='ocrx_word' id='word_1_171' title='bbox 1021 2447 1200 2567; x_wconf 59' lang='grc' dir='ltr'><strong>ιΙΧ.</strong></span> <span class='ocrx_word' id='word_1_172' title='bbox 1270 2449 1355 2532; x_wconf 90' lang='lat' dir='ltr'><strong>Si</strong></span> <span class='ocrx_word' id='word_1_173' title='bbox 1405 2444 1803 2534; x_wconf 87' lang='lat' dir='ltr'><strong>delictum</strong></span> <span class='ocrx_word' id='word_1_174' title='bbox 1836 2511 1861 2555; x_wconf 90' lang='lat'><strong>,</strong></span> <span class='ocrx_word' id='word_1_175' title='bbox 1933 2447 2040 2535; x_wconf 88' lang='lat' dir='ltr'><strong>de</strong></span> <span class='ocrx_word' id='word_1_176' title='bbox 2101 2481 2272 2567; x_wconf 89' lang='lat' dir='ltr'><strong>quo</strong></span> <span class='ocrx_word' id='word_1_177' title='bbox 2331 2456 2517 2571; x_wconf 89' lang='lat' dir='ltr'><strong>quis</strong></span> <span class='ocrx_word' id='word_1_178' title='bbox 2570 2474 3055 2559; x_wconf 89' lang='lat' dir='ltr'><strong>accusatur,</strong></span> <span class='ocrx_word' id='word_1_179' title='bbox 3109 2476 3253 2539; x_wconf 90' lang='lat' dir='ltr'><strong>aut</strong></span> <span class='ocrx_word' id='word_1_180' title='bbox 3303 2451 3912 2552; x_wconf 86' lang='lat' dir='ltr'><strong>denunciatur,</strong></span> <span class='ocrx_word' id='word_1_181' title='bbox 3964 2448 4099 2531; x_wconf 87' lang='lat' dir='ltr'><strong>vel</strong></span> <span class='ocrx_word' id='word_1_182' title='bbox 4152 2448 4420 2563; x_wconf 87' lang='lat' dir='ltr'><strong>inqui-</strong></span> 
     </span>
     <span class='ocr_line' id='line_1_18' title="bbox 1040 2563 4425 2683; baseline 0 -32"><span class='ocrx_word' id='word_1_183' title='bbox 1040 2571 1252 2654; x_wconf 88' lang='lat' dir='ltr'><strong>ritur</strong></span> <span class='ocrx_word' id='word_1_184' title='bbox 1284 2631 1310 2675; x_wconf 93' lang='lat'><strong>,</strong></span> <span class='ocrx_word' id='word_1_185' title='bbox 1377 2598 1549 2652; x_wconf 90' lang='lat' dir='ltr'><strong>non</strong></span> <span class='ocrx_word' id='word_1_186' title='bbox 1599 2565 1849 2653; x_wconf 83' lang='lat' dir='ltr'><strong>fuerit</strong></span> <span class='ocrx_word' id='word_1_187' title='bbox 1898 2569 2330 2683; x_wconf 88' lang='lat' dir='ltr'><strong>publicum</strong></span> <span class='ocrx_word' id='word_1_188' title='bbox 2370 2635 2395 2677; x_wconf 93' lang='lat'><strong>,</strong></span> <span class='ocrx_word' id='word_1_189' title='bbox 2452 2606 2740 2660; x_wconf 91' lang='lat' dir='ltr'><strong>curare</strong></span> <span class='ocrx_word' id='word_1_190' title='bbox 2809 2569 3067 2660; x_wconf 89' lang='lat' dir='ltr'><strong>debet</strong></span> <span class='ocrx_word' id='word_1_191' title='bbox 3109 2571 3412 2677; x_wconf 81' lang='lat' dir='ltr'><strong>Judex,</strong></span> <span class='ocrx_word' id='word_1_192' title='bbox 3463 2604 3570 2658; x_wconf 90' lang='lat' dir='ltr'><strong>ne</strong></span> <span class='ocrx_word' id='word_1_193' title='bbox 3619 2567 3829 2656; x_wconf 91' lang='lat' dir='ltr'><strong>illud</strong></span> <span class='ocrx_word' id='word_1_194' title='bbox 3882 2567 4242 2677; x_wconf 88' lang='lat' dir='ltr'><strong>evulget,</strong></span> <span class='ocrx_word' id='word_1_195' title='bbox 4277 2563 4425 2652; x_wconf 87' lang='lat' dir='ltr'><strong>sed</strong></span> 
     </span>
     <span class='ocr_line' id='line_1_19' title="bbox 1037 2682 4425 2809; baseline 0 -37"><span class='ocrx_word' id='word_1_196' title='bbox 1037 2682 1451 2774; x_wconf 88' lang='lat' dir='ltr'><strong>secretum</strong></span> <span class='ocrx_word' id='word_1_197' title='bbox 1496 2711 1793 2793; x_wconf 86' lang='lat' dir='ltr'><strong>servet,</strong></span> <span class='ocrx_word' id='word_1_198' title='bbox 1861 2690 2272 2806; x_wconf 82' lang='lat' dir='ltr'><strong>quantum</strong></span> <span class='ocrx_word' id='word_1_199' title='bbox 2323 2689 2500 2779; x_wconf 88' lang='lat' dir='ltr'><strong>fieri</strong></span> <span class='ocrx_word' id='word_1_200' title='bbox 2556 2715 2839 2809; x_wconf 90' lang='lat' dir='ltr'><strong>potest.</strong></span> <span class='ocrx_word' id='word_1_201' title='bbox 2906 2692 3019 2776; x_wconf 90' lang='lat' dir='ltr'><strong>X.</strong></span> <span class='ocrx_word' id='word_1_202' title='bbox 3093 2693 3265 2801; x_wconf 85' lang='lat' dir='ltr'><strong>Qui</strong></span> <span class='ocrx_word' id='word_1_203' title='bbox 3317 2692 3915 2808; x_wconf 89' lang='lat' dir='ltr'><strong>poenitentiam</strong></span> <span class='ocrx_word' id='word_1_204' title='bbox 3962 2711 4254 2800; x_wconf 89' lang='lat' dir='ltr'><strong>sponte</strong></span> <span class='ocrx_word' id='word_1_205' title='bbox 4306 2683 4425 2772; x_wconf 86' lang='lat' dir='ltr'><strong>fa·-</strong></span> 
     </span>
     <span class='ocr_line' id='line_1_20' title="bbox 1041 2808 4423 2927; baseline 0.001 -35"><span class='ocrx_word' id='word_1_206' title='bbox 1041 2838 1228 2895; x_wconf 89' lang='lat' dir='ltr'><strong>cere</strong></span> <span class='ocrx_word' id='word_1_207' title='bbox 1277 2811 1817 2915; x_wconf 87' lang='lat' dir='ltr'><strong>recusaverit,</strong></span> <span class='ocrx_word' id='word_1_208' title='bbox 1871 2814 2255 2924; x_wconf 87' lang='lat' dir='ltr'><strong>compelli</strong></span> <span class='ocrx_word' id='word_1_209' title='bbox 2320 2817 2621 2927; x_wconf 85' lang='lat' dir='ltr'><strong>poterit</strong></span> <span class='ocrx_word' id='word_1_210' title='bbox 2688 2845 2838 2927; x_wconf 87' lang='lat' dir='ltr'><strong>per</strong></span> <span class='ocrx_word' id='word_1_211' title='bbox 2885 2843 3292 2899; x_wconf 88' lang='lat' dir='ltr'><strong>censuras.</strong></span> <span class='ocrx_word' id='word_1_212' title='bbox 3363 2808 3621 2921; x_wconf 89' lang='lat' dir='ltr'><strong>Quod</strong></span> <span class='ocrx_word' id='word_1_213' title='bbox 3670 2812 3735 2895; x_wconf 89' lang='lat' dir='ltr'><strong>si</strong></span> <span class='ocrx_word' id='word_1_214' title='bbox 3800 2812 3989 2893; x_wconf 86' lang='lat' dir='ltr'><strong>istas</strong></span> <span class='ocrx_word' id='word_1_215' title='bbox 4042 2828 4423 2923; x_wconf 83' lang='lat' dir='ltr'><strong>proterve</strong></span> 
     </span>
     <span class='ocr_line' id='line_1_21' title="bbox 1039 2926 4424 3050; baseline 0 -39"><span class='ocrx_word' id='word_1_216' title='bbox 1039 2930 1440 3039; x_wconf 82' lang='lat' dir='ltr'><strong>spreverit</strong></span> <span class='ocrx_word' id='word_1_217' title='bbox 1472 2990 1498 3033; x_wconf 90' lang='lat'><strong>,</strong></span> <span class='ocrx_word' id='word_1_218' title='bbox 1562 2931 1871 3014; x_wconf 89' lang='lat' dir='ltr'><strong>acriora</strong></span> <span class='ocrx_word' id='word_1_219' title='bbox 1924 2930 2282 3017; x_wconf 90' lang='lat' dir='ltr'><strong>remedia</strong></span> <span class='ocrx_word' id='word_1_220' title='bbox 2349 2932 2955 3038; x_wconf 86' lang='lat' dir='ltr'><strong>adhibeantur,</strong></span> <span class='ocrx_word' id='word_1_221' title='bbox 3007 2964 3331 3050; x_wconf 88' lang='lat' dir='ltr'><strong>semper</strong></span> <span class='ocrx_word' id='word_1_222' title='bbox 3380 2958 3655 3021; x_wconf 88' lang='lat' dir='ltr'><strong>tamen</strong></span> <span class='ocrx_word' id='word_1_223' title='bbox 3706 2926 3994 3015; x_wconf 88' lang='lat' dir='ltr'><strong>habito</strong></span> <span class='ocrx_word' id='word_1_224' title='bbox 4045 2949 4424 3040; x_wconf 83' lang='lat' dir='ltr'><strong>respectu</strong></span> 
     </span>
     <span class='ocr_line' id='line_1_22' title="bbox 1042 3049 3073 3172; baseline 0.002 -41"><span class='ocrx_word' id='word_1_225' title='bbox 1042 3049 1710 3134; x_wconf 86' lang='lat' dir='ltr'><strong>circumstantiae</strong></span> <span class='ocrx_word' id='word_1_226' title='bbox 1764 3049 1954 3158; x_wconf 91' lang='lat' dir='ltr'><strong>loci,</strong></span> <span class='ocrx_word' id='word_1_227' title='bbox 2010 3055 2453 3168; x_wconf 87' lang='lat' dir='ltr'><strong>temporis,</strong></span> <span class='ocrx_word' id='word_1_228' title='bbox 2518 3080 2601 3140; x_wconf 89' lang='lat' dir='ltr'><strong>et</strong></span> <span class='ocrx_word' id='word_1_229' title='bbox 2651 3084 3073 3172; x_wconf 88' lang='lat' dir='ltr'><strong>personae.</strong></span> 
     </span>
    </p>
   </div>
   <div class='ocr_carea' id='block_1_4' title="bbox 2471 3291 3057 3380">
    <p class='ocr_par' dir='ltr' id='par_1_4' title="bbox 2471 3291 3057 3380">
     <span class='ocr_line' id='line_1_23' title="bbox 2471 3291 3057 3380; baseline 0 -3"><span class='ocrx_word' id='word_1_230' title='bbox 2471 3291 2541 3377; x_wconf 92' lang='lat' dir='ltr'>C</span> <span class='ocrx_word' id='word_1_231' title='bbox 2613 3297 2684 3378; x_wconf 85' lang='lat' dir='ltr'>A</span> <span class='ocrx_word' id='word_1_232' title='bbox 2753 3297 2843 3380; x_wconf 91' lang='lat' dir='ltr'><strong>P.</strong></span> <span class='ocrx_word' id='word_1_233' title='bbox 2948 3292 3057 3378; x_wconf 81' lang='lat'><strong>11.</strong></span> 
     </span>
    </p>
   </div>
   <div class='ocr_carea' id='block_1_5' title="bbox 2180 3535 3272 3651">
    <p class='ocr_par' dir='ltr' id='par_1_5' title="bbox 2180 3535 3272 3651">
     <span class='ocr_line' id='line_1_24' title="bbox 2180 3535 3272 3651; baseline -0.002 -30"><span class='ocrx_word' id='word_1_234' title='bbox 2180 3535 2318 3621; x_wconf 85' lang='lat' dir='ltr'><strong>De</strong></span> <span class='ocrx_word' id='word_1_235' title='bbox 2387 3535 2745 3651; x_wconf 80' lang='lat' dir='ltr'><strong>Culpis,</strong></span> <span class='ocrx_word' id='word_1_236' title='bbox 2796 3558 2877 3623; x_wconf 84' lang='lat' dir='ltr'><strong>et</strong></span> <span class='ocrx_word' id='word_1_237' title='bbox 2943 3540 3272 3624; x_wconf 56' lang='lat' dir='ltr'><strong>Poeni&amp;</strong></span> 
     </span>
    </p>
   </div>
   <div class='ocr_carea' id='block_1_6' title="bbox 965 3762 4531 5696">
    <p class='ocr_par' dir='ltr' id='par_1_6' title="bbox 1039 3762 4531 4927">
     <span class='ocr_line' id='line_1_25' title="bbox 1164 3762 4515 3891; baseline 0.004 -44"><span class='ocrx_word' id='word_1_238' title='bbox 1164 3762 1385 3849; x_wconf 88' lang='lat' dir='ltr'><strong>Cum</strong></span> <span class='ocrx_word' id='word_1_239' title='bbox 1468 3765 2123 3861; x_wconf 88' lang='lat' dir='ltr'><strong>Constitutiones</strong></span> <span class='ocrx_word' id='word_1_240' title='bbox 2188 3778 2443 3861; x_wconf 89' lang='lat' dir='ltr'><strong>nostri</strong></span> <span class='ocrx_word' id='word_1_241' title='bbox 2522 3776 2867 3866; x_wconf 88' lang='lat' dir='ltr'><strong>Ordinis</strong></span> <span class='ocrx_word' id='word_1_242' title='bbox 2921 3811 3085 3865; x_wconf 88' lang='lat' dir='ltr'><strong>non</strong></span> <span class='ocrx_word' id='word_1_243' title='bbox 3149 3776 3524 3887; x_wconf 88' lang='lat' dir='ltr'><strong>obligent</strong></span> <span class='ocrx_word' id='word_1_244' title='bbox 3588 3771 3693 3859; x_wconf 86' lang='lat' dir='ltr'><strong>ad</strong></span> <span class='ocrx_word' id='word_1_245' title='bbox 3764 3775 4092 3891; x_wconf 86' lang='lat' dir='ltr'><strong>culpam</strong></span> <span class='ocrx_word' id='word_1_246' title='bbox 4142 3839 4167 3881; x_wconf 92' lang='lat'><strong>,</strong></span> <span class='ocrx_word' id='word_1_247' title='bbox 4257 3777 4419 3860; x_wconf 88' lang='lat' dir='ltr'><strong>nisi</strong></span> <span class='ocrx_word' id='word_1_248' title='bbox 4506 3882 4515 3889; x_wconf 80' lang='lat'><strong>.</strong></span> 
     </span>
     <span class='ocr_line' id='line_1_26' title="bbox 1039 3892 4531 4007; baseline 0.004 -40"><span class='ocrx_word' id='word_1_249' title='bbox 1039 3909 1376 3998; x_wconf 87' lang='lat' dir='ltr'><strong>propter</strong></span> <span class='ocrx_word' id='word_1_250' title='bbox 1452 3911 2020 4006; x_wconf 88' lang='lat' dir='ltr'><strong>contemptum</strong></span> <span class='ocrx_word' id='word_1_251' title='bbox 2071 3960 2102 3999; x_wconf 90' lang='lat'><strong>,</strong></span> <span class='ocrx_word' id='word_1_252' title='bbox 2184 3894 2801 3985; x_wconf 83' lang='lat' dir='ltr'><strong>et-scaudalum</strong></span> <span class='ocrx_word' id='word_1_253' title='bbox 2838 3965 2863 4006; x_wconf 89' lang='lat'><strong>,</strong></span> <span class='ocrx_word' id='word_1_254' title='bbox 2931 3897 3078 3987; x_wconf 84' lang='lat' dir='ltr'><strong>sed</strong></span> <span class='ocrx_word' id='word_1_255' title='bbox 3126 3898 3400 3983; x_wconf 90' lang='lat' dir='ltr'><strong>solum</strong></span> <span class='ocrx_word' id='word_1_256' title='bbox 3450 3895 3822 4007; x_wconf 89' lang='lat' dir='ltr'><strong>obligent</strong></span> <span class='ocrx_word' id='word_1_257' title='bbox 3884 3896 3989 3983; x_wconf 89' lang='lat' dir='ltr'><strong>ad</strong></span> <span class='ocrx_word' id='word_1_258' title='bbox 4052 3896 4425 3982; x_wconf 88' lang='lat' dir='ltr'><strong>Poenam</strong></span> <span class='ocrx_word' id='word_1_259' title='bbox 4514 3892 4531 3913; x_wconf 29' lang='grc' dir='ltr'>χ</span> 
     </span>
     <span class='ocr_line' id='line_1_27' title="bbox 1039 4006 4417 4134; baseline 0.005 -48"><span class='ocrx_word' id='word_1_260' title='bbox 1039 4006 1768 4115; x_wconf 84' lang='lat' dir='ltr'><strong>transgressoribus</strong></span> <span class='ocrx_word' id='word_1_261' title='bbox 1835 4014 2373 4125; x_wconf 89' lang='lat' dir='ltr'><strong>infligendam</strong></span> <span class='ocrx_word' id='word_1_262' title='bbox 2412 4053 2437 4128; x_wconf 84' lang='lat'>3</span> <span class='ocrx_word' id='word_1_263' title='bbox 2477 4016 2666 4105; x_wconf 93' lang='lat' dir='ltr'><strong>ideo</strong></span> <span class='ocrx_word' id='word_1_264' title='bbox 2718 4017 3174 4108; x_wconf 89' lang='lat' dir='ltr'><strong>dicendum</strong></span> <span class='ocrx_word' id='word_1_265' title='bbox 3226 4048 3454 4102; x_wconf 89' lang='lat' dir='ltr'><strong>nunc</strong></span> <span class='ocrx_word' id='word_1_266' title='bbox 3504 4040 3628 4102; x_wconf 89' lang='lat' dir='ltr'><strong>est</strong></span> <span class='ocrx_word' id='word_1_267' title='bbox 3673 4012 3780 4101; x_wconf 90' lang='lat' dir='ltr'><strong>de</strong></span> <span class='ocrx_word' id='word_1_268' title='bbox 3833 4020 4148 4130; x_wconf 89' lang='lat' dir='ltr'><strong>poenis,</strong></span> <span class='ocrx_word' id='word_1_269' title='bbox 4200 4046 4417 4134; x_wconf 87' lang='lat' dir='ltr'><strong>quae</strong></span> 
     </span>
     <span class='ocr_line' id='line_1_28' title="bbox 1043 4121 4423 4253; baseline 0.004 -47"><span class='ocrx_word' id='word_1_270' title='bbox 1043 4121 1151 4206; x_wconf 86' lang='lat' dir='ltr'><strong>ad</strong></span> <span class='ocrx_word' id='word_1_271' title='bbox 1221 4132 1826 4238; x_wconf 88' lang='lat' dir='ltr'><strong>correptionem</strong></span> <span class='ocrx_word' id='word_1_272' title='bbox 1879 4135 2308 4250; x_wconf 89' lang='lat' dir='ltr'><strong>culparum</strong></span> <span class='ocrx_word' id='word_1_273' title='bbox 2360 4142 2942 4253; x_wconf 88' lang='lat' dir='ltr'><strong>imponuntur.</strong></span> <span class='ocrx_word' id='word_1_274' title='bbox 3003 4140 3066 4223; x_wconf 89' lang='grc' dir='ltr'><strong>Ι.</strong></span> <span class='ocrx_word' id='word_1_275' title='bbox 3135 4139 3234 4223; x_wconf 91' lang='lat' dir='ltr'><strong>In</strong></span> <span class='ocrx_word' id='word_1_276' title='bbox 3298 4140 3587 4251; x_wconf 90' lang='lat' dir='ltr'><strong>primis</strong></span> <span class='ocrx_word' id='word_1_277' title='bbox 3635 4141 4116 4252; x_wconf 85' lang='lat' dir='ltr'><strong>Superiores</strong></span> <span class='ocrx_word' id='word_1_278' title='bbox 4181 4137 4423 4222; x_wconf 71' lang='lat' dir='ltr'><strong>intel-—</strong></span> 
     </span>
     <span class='ocr_line' id='line_1_29' title="bbox 1044 4241 4421 4374; baseline 0.006 -51"><span class='ocrx_word' id='word_1_279' title='bbox 1044 4241 1346 4354; x_wconf 71' lang='lat' dir='ltr'><strong>ligant,</strong></span> <span class='ocrx_word' id='word_1_280' title='bbox 1392 4247 1548 4332; x_wconf 90' lang='lat' dir='ltr'><strong>sibi</strong></span> <span class='ocrx_word' id='word_1_281' title='bbox 1604 4282 1795 4336; x_wconf 89' lang='lat' dir='ltr'><strong>cum</strong></span> <span class='ocrx_word' id='word_1_282' title='bbox 1847 4256 2275 4342; x_wconf 88' lang='lat' dir='ltr'><strong>Fratribus</strong></span> <span class='ocrx_word' id='word_1_283' title='bbox 2325 4258 2741 4371; x_wconf 87' lang='lat' dir='ltr'><strong>agendum</strong></span> <span class='ocrx_word' id='word_1_284' title='bbox 2809 4262 3237 4374; x_wconf 80' lang='lat' dir='ltr'><strong>inspiritu</strong></span> <span class='ocrx_word' id='word_1_285' title='bbox 3291 4259 3647 4344; x_wconf 86' lang='lat' dir='ltr'><strong>lenitatis</strong></span> <span class='ocrx_word' id='word_1_286' title='bbox 3682 4321 3707 4363; x_wconf 91' lang='lat'><strong>,</strong></span> <span class='ocrx_word' id='word_1_287' title='bbox 3764 4290 3918 4344; x_wconf 89' lang='lat' dir='ltr'><strong>nec</strong></span> <span class='ocrx_word' id='word_1_288' title='bbox 3974 4260 4124 4342; x_wconf 90' lang='lat' dir='ltr'><strong>nisi</strong></span> <span class='ocrx_word' id='word_1_289' title='bbox 4177 4286 4421 4343; x_wconf 86' lang='lat' dir='ltr'><strong>causa</strong></span> 
     </span>
     <span class='ocr_line' id='line_1_30' title="bbox 1043 4374 4419 4494; baseline 0.005 -49"><span class='ocrx_word' id='word_1_290' title='bbox 1043 4387 1355 4451; x_wconf 87' lang='lat' dir='ltr'><strong>attente</strong></span> <span class='ocrx_word' id='word_1_291' title='bbox 1417 4395 1836 4484; x_wconf 90' lang='lat' dir='ltr'><strong>perspecta</strong></span> <span class='ocrx_word' id='word_1_292' title='bbox 1887 4438 1912 4480; x_wconf 94' lang='lat'><strong>,</strong></span> <span class='ocrx_word' id='word_1_293' title='bbox 1976 4374 2081 4460; x_wconf 90' lang='lat' dir='ltr'><strong>ad</strong></span> <span class='ocrx_word' id='word_1_294' title='bbox 2133 4382 2443 4465; x_wconf 87' lang='lat' dir='ltr'><strong>acriora</strong></span> <span class='ocrx_word' id='word_1_295' title='bbox 2498 4380 2853 4466; x_wconf 87' lang='lat' dir='ltr'><strong>remedia</strong></span> <span class='ocrx_word' id='word_1_296' title='bbox 2906 4412 3081 4467; x_wconf 89' lang='lat' dir='ltr'><strong>esse</strong></span> <span class='ocrx_word' id='word_1_297' title='bbox 3133 4376 3855 4494; x_wconf 88' lang='lat' dir='ltr'><strong>progrediendum.</strong></span> <span class='ocrx_word' id='word_1_298' title='bbox 3909 4378 4196 4488; x_wconf 89' lang='lat' dir='ltr'><strong>Quare</strong></span> <span class='ocrx_word' id='word_1_299' title='bbox 4245 4379 4419 4492; x_wconf 89' lang='lat' dir='ltr'><strong>ple·</strong></span> 
     </span>
     <span class='ocr_line' id='line_1_31' title="bbox 1046 4493 4420 4614; baseline 0.004 -46"><span class='ocrx_word' id='word_1_300' title='bbox 1046 4516 1401 4601; x_wconf 90' lang='lat' dir='ltr'><strong>rumque</strong></span> <span class='ocrx_word' id='word_1_301' title='bbox 1451 4493 2047 4600; x_wconf 86' lang='lat' dir='ltr'><strong>praemittenda</strong></span> <span class='ocrx_word' id='word_1_302' title='bbox 2110 4502 2265 4583; x_wconf 89' lang='lat' dir='ltr'><strong>erit</strong></span> <span class='ocrx_word' id='word_1_303' title='bbox 2314 4498 2772 4586; x_wconf 87' lang='lat' dir='ltr'><strong>admonitio</strong></span> <span class='ocrx_word' id='word_1_304' title='bbox 2837 4500 3349 4604; x_wconf 87' lang='lat' dir='ltr'><strong>charitativa,</strong></span> <span class='ocrx_word' id='word_1_305' title='bbox 3409 4529 3557 4585; x_wconf 89' lang='lat' dir='ltr'><strong>seu</strong></span> <span class='ocrx_word' id='word_1_306' title='bbox 3618 4532 3765 4614; x_wconf 91' lang='lat' dir='ltr'><strong>per</strong></span> <span class='ocrx_word' id='word_1_307' title='bbox 3826 4531 3912 4586; x_wconf 86' lang='lat' dir='ltr'><strong>se</strong></span> <span class='ocrx_word' id='word_1_308' title='bbox 3962 4562 3992 4603; x_wconf 87' lang='lat'><strong>,</strong></span> <span class='ocrx_word' id='word_1_309' title='bbox 4054 4529 4200 4585; x_wconf 87' lang='lat' dir='ltr'><strong>seu</strong></span> <span class='ocrx_word' id='word_1_310' title='bbox 4269 4529 4420 4613; x_wconf 87' lang='lat' dir='ltr'><strong>per</strong></span> 
     </span>
     <span class='ocr_line' id='line_1_32' title="bbox 1042 4604 4422 4733; baseline 0.005 -45"><span class='ocrx_word' id='word_1_311' title='bbox 1042 4604 1293 4688; x_wconf 89' lang='lat' dir='ltr'><strong>alios:</strong></span> <span class='ocrx_word' id='word_1_312' title='bbox 1364 4607 1472 4692; x_wconf 83' lang='lat' dir='ltr'><strong>i&#39;ta</strong></span> <span class='ocrx_word' id='word_1_313' title='bbox 1526 4632 1620 4695; x_wconf 93' lang='lat' dir='ltr'><strong>ut</strong></span> <span class='ocrx_word' id='word_1_314' title='bbox 1665 4612 2050 4701; x_wconf 89' lang='lat' dir='ltr'><strong>subditus</strong></span> <span class='ocrx_word' id='word_1_315' title='bbox 2099 4614 2552 4724; x_wconf 87' lang='lat' dir='ltr'><strong>doceatur,</strong></span> <span class='ocrx_word' id='word_1_316' title='bbox 2601 4621 3271 4707; x_wconf 88' lang='lat' dir='ltr'><strong>emendationem</strong></span> <span class='ocrx_word' id='word_1_317' title='bbox 3339 4617 3832 4706; x_wconf 90' lang='lat' dir='ltr'><strong>delictorum</strong></span> <span class='ocrx_word' id='word_1_318' title='bbox 3884 4653 3927 4706; x_wconf 94' lang='lat' dir='ltr'><strong>a</strong></span> <span class='ocrx_word' id='word_1_319' title='bbox 3980 4620 4422 4733; x_wconf 88' lang='lat' dir='ltr'><strong>Superiore</strong></span> 
     </span>
     <span class='ocr_line' id='line_1_33' title="bbox 1041 4726 4423 4927; baseline 0.006 -121"><span class='ocrx_word' id='word_1_320' title='bbox 1041 4726 1326 4927; x_wconf 57' lang='lat' dir='ltr'><strong>guaeri</strong></span> <span class='ocrx_word' id='word_1_321' title='bbox 1375 4790 1406 4829; x_wconf 90' lang='lat'><strong>,</strong></span> <span class='ocrx_word' id='word_1_322' title='bbox 1469 4758 1636 4816; x_wconf 89' lang='lat' dir='ltr'><strong>non</strong></span> <span class='ocrx_word' id='word_1_323' title='bbox 1692 4729 2364 4853; x_wconf 88' lang='lat' dir='ltr'><strong>delinquentium</strong></span> <span class='ocrx_word' id='word_1_324' title='bbox 2419 4745 2769 4829; x_wconf 88' lang='lat' dir='ltr'><strong>ruinam.</strong></span> <span class='ocrx_word' id='word_1_325' title='bbox 2836 4743 2946 4826; x_wconf 87' lang='grc' dir='ltr'><strong>ΙΙ.</strong></span> <span class='ocrx_word' id='word_1_326' title='bbox 3001 4742 3478 4853; x_wconf 89' lang='lat' dir='ltr'><strong>Intelligant</strong></span> <span class='ocrx_word' id='word_1_327' title='bbox 3521 4743 3829 4856; x_wconf 89' lang='lat' dir='ltr'><strong>pariter</strong></span> <span class='ocrx_word' id='word_1_328' title='bbox 3876 4735 4237 4844; x_wconf 86' lang='lat' dir='ltr'><strong>subditi,</strong></span> <span class='ocrx_word' id='word_1_329' title='bbox 4286 4768 4423 4825; x_wconf 89' lang='lat' dir='ltr'><strong>ea-</strong></span> 
     </span>
    </p>

    <p class='ocr_par' dir='ltr' id='par_1_7' title="bbox 965 4850 4420 5696">
     <span class='ocr_line' id='line_1_34' title="bbox 1103 4850 4420 4978; baseline 0.005 -50"><span class='ocrx_word' id='word_1_330' title='bbox 1103 4875 1234 4929; x_wconf 92' lang='lat' dir='ltr'><strong>em</strong></span> <span class='ocrx_word' id='word_1_331' title='bbox 1288 4850 1422 4958; x_wconf 87' lang='lat' dir='ltr'><strong>pia</strong></span> <span class='ocrx_word' id='word_1_332' title='bbox 1482 4855 1736 4937; x_wconf 89' lang='lat' dir='ltr'><strong>animi</strong></span> <span class='ocrx_word' id='word_1_333' title='bbox 1789 4861 2408 4971; x_wconf 84' lang='lat' dir='ltr'><strong>praeparatione</strong></span> <span class='ocrx_word' id='word_1_334' title='bbox 2459 4862 2613 4946; x_wconf 89' lang='lat' dir='ltr'><strong>sibi</strong></span> <span class='ocrx_word' id='word_1_335' title='bbox 2665 4859 3187 4978; x_wconf 89' lang='lat' dir='ltr'><strong>suscipienda</strong></span> <span class='ocrx_word' id='word_1_336' title='bbox 3236 4890 3409 4948; x_wconf 87' lang='lat' dir='ltr'><strong>esse</strong></span> <span class='ocrx_word' id='word_1_337' title='bbox 3475 4863 3624 4945; x_wconf 88' lang='lat' dir='ltr'><strong>ista</strong></span> <span class='ocrx_word' id='word_1_338' title='bbox 3674 4857 4093 4946; x_wconf 84' lang='lat' dir='ltr'><strong>charitatis</strong></span> <span class='ocrx_word' id='word_1_339' title='bbox 4160 4889 4420 4946; x_wconf 89' lang='lat' dir='ltr'><strong>reme·</strong></span> 
     </span>
     <span class='ocr_line' id='line_1_35' title="bbox 1042 4962 4420 5099; baseline 0.005 -51"><span class='ocrx_word' id='word_1_340' title='bbox 1042 4962 1176 5050; x_wconf 85' lang='lat' dir='ltr'><strong>dia</strong></span> <span class='ocrx_word' id='word_1_341' title='bbox 1213 5028 1243 5068; x_wconf 90' lang='lat'><strong>,</strong></span> <span class='ocrx_word' id='word_1_342' title='bbox 1313 4996 1506 5053; x_wconf 90' lang='lat' dir='ltr'><strong>cum</strong></span> <span class='ocrx_word' id='word_1_343' title='bbox 1566 5002 1732 5089; x_wconf 90' lang='lat' dir='ltr'><strong>qua</strong></span> <span class='ocrx_word' id='word_1_344' title='bbox 1784 5007 1829 5059; x_wconf 88' lang='lat' dir='ltr'><strong>a</strong></span> <span class='ocrx_word' id='word_1_345' title='bbox 1881 4976 2319 5092; x_wconf 89' lang='lat' dir='ltr'><strong>Superiore</strong></span> <span class='ocrx_word' id='word_1_346' title='bbox 2369 4982 2503 5067; x_wconf 92' lang='lat' dir='ltr'><strong>illa</strong></span> <span class='ocrx_word' id='word_1_347' title='bbox 2558 4985 2945 5097; x_wconf 85' lang='lat' dir='ltr'><strong>applicari</strong></span> <span class='ocrx_word' id='word_1_348' title='bbox 3009 4988 3326 5099; x_wconf 84' lang='lat' dir='ltr'><strong>justum</strong></span> <span class='ocrx_word' id='word_1_349' title='bbox 3373 5003 3497 5067; x_wconf 91' lang='lat' dir='ltr'><strong>est</strong></span> <span class='ocrx_word' id='word_1_350' title='bbox 3561 4977 3943 5067; x_wconf 85' lang='lat' dir='ltr'><strong>credere:</strong></span> <span class='ocrx_word' id='word_1_351' title='bbox 4003 5011 4198 5068; x_wconf 91' lang='lat' dir='ltr'><strong>cum</strong></span> <span class='ocrx_word' id='word_1_352' title='bbox 4248 5009 4420 5064; x_wconf 88' lang='lat' dir='ltr'><strong>ma·</strong></span> 
     </span>
     <span class='ocr_line' id='line_1_36' title="bbox 1041 5087 4418 5221; baseline 0.005 -53"><span class='ocrx_word' id='word_1_353' title='bbox 1041 5114 1207 5195; x_wconf 90' lang='lat' dir='ltr'><strong>gno</strong></span> <span class='ocrx_word' id='word_1_354' title='bbox 1257 5087 1572 5177; x_wconf 90' lang='lat' dir='ltr'><strong>scilicet</strong></span> <span class='ocrx_word' id='word_1_355' title='bbox 1619 5090 2028 5183; x_wconf 89' lang='lat' dir='ltr'><strong>desiderio</strong></span> <span class='ocrx_word' id='word_1_356' title='bbox 2106 5104 2408 5215; x_wconf 87' lang='lat' dir='ltr'><strong>proprii</strong></span> <span class='ocrx_word' id='word_1_357' title='bbox 2476 5102 2890 5216; x_wconf 83' lang='lat' dir='ltr'><strong>profectus</strong></span> <span class='ocrx_word' id='word_1_358' title='bbox 2924 5167 2950 5210; x_wconf 85' lang='lat'><strong>,</strong></span> <span class='ocrx_word' id='word_1_359' title='bbox 3018 5128 3103 5191; x_wconf 90' lang='lat' dir='ltr'><strong>et</strong></span> <span class='ocrx_word' id='word_1_360' title='bbox 3168 5097 3767 5190; x_wconf 88' lang='lat' dir='ltr'><strong>emendationis</strong></span> <span class='ocrx_word' id='word_1_361' title='bbox 3804 5132 3830 5183; x_wconf 71' lang='grc' dir='ltr'>ε</span> <span class='ocrx_word' id='word_1_362' title='bbox 3888 5132 4165 5221; x_wconf 89' lang='lat' dir='ltr'><strong>neque</strong></span> <span class='ocrx_word' id='word_1_363' title='bbox 4215 5096 4418 5185; x_wconf 85' lang='lat' dir='ltr'><strong>dan-</strong></span> 
     </span>
     <span class='ocr_line' id='line_1_37' title="bbox 1042 5202 4414 5344; baseline 0.005 -55"><span class='ocrx_word' id='word_1_364' title='bbox 1042 5202 1246 5291; x_wconf 91' lang='lat' dir='ltr'><strong>dum</strong></span> <span class='ocrx_word' id='word_1_365' title='bbox 1299 5207 1577 5295; x_wconf 91' lang='lat' dir='ltr'><strong>locum</strong></span> <span class='ocrx_word' id='word_1_366' title='bbox 1641 5211 2000 5301; x_wconf 90' lang='lat' dir='ltr'><strong>Diabolo</strong></span> <span class='ocrx_word' id='word_1_367' title='bbox 2075 5226 2541 5331; x_wconf 87' lang='lat' dir='ltr'><strong>suggerenti</strong></span> <span class='ocrx_word' id='word_1_368' title='bbox 2611 5222 2888 5312; x_wconf 87' lang='lat' dir='ltr'><strong>futiles</strong></span> <span class='ocrx_word' id='word_1_369' title='bbox 2965 5224 3340 5344; x_wconf 90' lang='lat' dir='ltr'><strong>querelas</strong></span> <span class='ocrx_word' id='word_1_370' title='bbox 3416 5219 3806 5307; x_wconf 88' lang='lat' dir='ltr'><strong>adversus</strong></span> <span class='ocrx_word' id='word_1_371' title='bbox 3873 5222 4353 5339; x_wconf 85' lang='lat' dir='ltr'><strong>Superiores</strong></span> <span class='ocrx_word' id='word_1_372' title='bbox 4389 5285 4414 5328; x_wconf 94' lang='lat'><strong>,</strong></span> 
     </span>
     <span class='ocr_line' id='line_1_38' title="bbox 1041 5334 4417 5467; baseline 0.005 -58"><span class='ocrx_word' id='word_1_373' title='bbox 1041 5347 1185 5467; x_wconf 72' lang='lat' dir='ltr'><strong>aut</strong></span> <span class='ocrx_word' id='word_1_374' title='bbox 1233 5358 1511 5413; x_wconf 89' lang='lat' dir='ltr'><strong>secum</strong></span> <span class='ocrx_word' id='word_1_375' title='bbox 1570 5334 1790 5446; x_wconf 88' lang='lat' dir='ltr'><strong>ipsis,</strong></span> <span class='ocrx_word' id='word_1_376' title='bbox 1841 5358 1985 5421; x_wconf 89' lang='lat' dir='ltr'><strong>aut</strong></span> <span class='ocrx_word' id='word_1_377' title='bbox 2018 5399 2043 5444; x_wconf 93' lang='lat'><strong>,</strong></span> <span class='ocrx_word' id='word_1_378' title='bbox 2098 5341 2326 5457; x_wconf 88' lang='lat' dir='ltr'><strong>quod</strong></span> <span class='ocrx_word' id='word_1_379' title='bbox 2377 5349 2720 5431; x_wconf 89' lang='lat' dir='ltr'><strong>omnino</strong></span> <span class='ocrx_word' id='word_1_380' title='bbox 2769 5343 3238 5434; x_wconf 87' lang='lat' dir='ltr'><strong>cavendum</strong></span> <span class='ocrx_word' id='word_1_381' title='bbox 3299 5365 3474 5447; x_wconf 81' lang='lat' dir='ltr'><strong>est,</strong></span> <span class='ocrx_word' id='word_1_382' title='bbox 3540 5373 3734 5427; x_wconf 92' lang='lat' dir='ltr'><strong>cum</strong></span> <span class='ocrx_word' id='word_1_383' title='bbox 3797 5340 4002 5449; x_wconf 90' lang='lat' dir='ltr'><strong>aliis,</strong></span> <span class='ocrx_word' id='word_1_384' title='bbox 4057 5369 4417 5457; x_wconf 88' lang='lat' dir='ltr'><strong>praeser-</strong></span> 
     </span>
     <span class='ocr_line' id='line_1_39' title="bbox 1044 5455 4412 5584; baseline 0.005 -52"><span class='ocrx_word' id='word_1_385' title='bbox 1044 5469 1194 5532; x_wconf 83' lang='lat' dir='ltr'><strong>ttm</strong></span> <span class='ocrx_word' id='word_1_386' title='bbox 1245 5455 1625 5561; x_wconf 81' lang='lat' dir='ltr'><strong>externis,</strong></span> <span class='ocrx_word' id='word_1_387' title='bbox 1658 5457 1901 5541; x_wconf 90' lang='lat' dir='ltr'><strong>etiam</strong></span> <span class='ocrx_word' id='word_1_388' title='bbox 1937 5461 2002 5542; x_wconf 91' lang='lat' dir='ltr'><strong>si</strong></span> <span class='ocrx_word' id='word_1_389' title='bbox 2055 5466 2478 5575; x_wconf 90' lang='lat' dir='ltr'><strong>contingat</strong></span> <span class='ocrx_word' id='word_1_390' title='bbox 2529 5470 3075 5582; x_wconf 86' lang='lat' dir='ltr'><strong>poenitentias</strong></span> <span class='ocrx_word' id='word_1_391' title='bbox 3125 5465 3448 5584; x_wconf 87' lang='lat' dir='ltr'><strong>injungi</strong></span> <span class='ocrx_word' id='word_1_392' title='bbox 3491 5461 3959 5548; x_wconf 88' lang='lat' dir='ltr'><strong>insontibus</strong></span> <span class='ocrx_word' id='word_1_393' title='bbox 4020 5494 4119 5548; x_wconf 79' lang='lat' dir='ltr'><strong>ex</strong></span> <span class='ocrx_word' id='word_1_394' title='bbox 4166 5462 4412 5571; x_wconf 87' lang='lat' dir='ltr'><strong>falsa,</strong></span> 
     </span>
     <span class='ocr_line' id='line_1_40' title="bbox 965 5570 4414 5696; baseline 0.005 -43"><span class='ocrx_word' id='word_1_395' title='bbox 965 5675 969 5679; x_wconf 16' lang='lat'>4</span> <span class='ocrx_word' id='word_1_396' title='bbox 1043 5593 1138 5689; x_wconf 82' lang='lat' dir='ltr'><strong>ut</strong></span> <span class='ocrx_word' id='word_1_397' title='bbox 1187 5570 1638 5689; x_wconf 86' lang='lat' dir='ltr'><strong>aliquando</strong></span> <span class='ocrx_word' id='word_1_398' title='bbox 1684 5573 2439 5673; x_wconf 85' lang='lat' dir='ltr'><strong>acciderenecesse</strong></span> <span class='ocrx_word' id='word_1_399' title='bbox 2500 5609 2695 5696; x_wconf 85' lang='lat' dir='ltr'><strong>est,</strong></span> <span class='ocrx_word' id='word_1_400' title='bbox 2749 5585 3164 5678; x_wconf 89' lang='lat' dir='ltr'><strong>delatione</strong></span> <span class='ocrx_word' id='word_1_401' title='bbox 3196 5652 3229 5693; x_wconf 89' lang='lat'><strong>,</strong></span> <span class='ocrx_word' id='word_1_402' title='bbox 3291 5608 3375 5677; x_wconf 90' lang='lat' dir='ltr'><strong>et</strong></span> <span class='ocrx_word' id='word_1_403' title='bbox 3422 5612 3718 5673; x_wconf 88' lang='lat' dir='ltr'><strong>errore.</strong></span> <span class='ocrx_word' id='word_1_404' title='bbox 3776 5581 3931 5667; x_wconf 84' lang='lat'><strong>111.</strong></span> <span class='ocrx_word' id='word_1_405' title='bbox 3984 5583 4414 5673; x_wconf 87' lang='lat' dir='ltr'><strong>Praeterea</strong></span> 
     </span>
    </p>
   </div>
  </div>
 </body>
</html>
