4834 6409
442 580 874 644 menorum
928 550 1014 632 in
1069 576 1338 633 unum
1387 575 1483 634 ex
1532 574 1775 662 supra
1850 547 2350 634 enumeratis
2398 541 2887 633 criminibus
2934 537 3362 647 inciderit,
3423 422 3829 634 (131)εὲΞί

453 674 786 765 Abbate
834 668 1224 755 Generali
1254 730 1281 776 ,
1331 689 1417 755 et
1468 664 1807 784 reliquis
1856 665 2372 779 Hegumenis
2418 664 2752 785 deponi.

1645 844 2132 992 'can
2262 905 2501 993 mv

1371 1151 1511 1235 De
1552 1174 1826 1259 poena
1873 1078 2300 1280 ejectionis
2348 1176 2469 1231 ex
2524 1140 2867 1233 ordine.

563 1395 628 1476 1.
699 1391 868 1496 Qui
940 1417 1199 1473 unum
1249 1385 1390 1475 vel
1433 1387 1710 1502 plures
1770 1417 1868 1472 ex
1919 1384 2455 1498 gravioribus,
2508 1387 2641 1472 vel
2690 1386 3191 1497 gravissimis
3233 1383 3731 1473 criminibus
3777 1415 3826 1471 a

448 1510 652 1625 Cap.
712 1517 782 1598 5.
870 1505 970 1591 ad
1053 1506 1254 1620 Cap.
1321 1507 1452 1591 13.
1516 1537 1758 1621 supra
1843 1504 2268 1620 descriptis
2334 1509 2892 1610 commiserit,
2973 1532 3380 1627 saepeque
3455 1506 3827 1591 monitus

449 1661 611 1714 non
704 1630 1193 1742 resipuerit,
1275 1647 1357 1712 et
1418 1629 1565 1745 qui
1650 1628 2238 1738 poenitentiam
2302 1656 2451 1738 pro
2496 1625 2686 1711 ,illis
2755 1648 2925 1709 non
2990 1625 3541 1740 acceptaverit
3587 1687 3612 1732 ,
3691 1653 3829 1710 sex

443 1750 853 1835 mensium
903 1749 1164 1860 spatio
1212 1746 1296 1830 in
1352 1748 1668 1858 jejunio
1715 1744 2137 1859 probetur,
2188 1766 2276 1828 et
2309 1742 2410 1827 ad
2463 1768 2625 1831 tres
2673 1774 2995 1829 menses
3042 1745 3147 1829 ab
3196 1747 3585 1830 omnium·
3627 1768 3823 1828 con·-

443 1869 694 1952 sortio
743 1887 1231 1975 segregetur.
1304 1862 1572 1981 quue
1633 1888 1948 1978 praeter
1998 1865 2538 1979 privationem
2589 1867 2813 1953 vocis
2864 1865 3173 1950 activae
3212 1926 3238 1969 ,
3290 1886 3372 1950 et
3429 1864 3821 1977 passivae,

446 2009 589 2070 aut
639 1988 880 2070 etiam
934 1984 1091 2068 loci
1133 2046 1157 2089 ,
1210 1981 1639 2085 Coronae,
1693 2008 1778 2069 et
1825 1980 2155 2070 Cacum
2197 2045 2222 2089 ,
2289 2014 2534 2101 quam
2602 1984 2881 2069 subire
2949 1980 3299 2068 debebit-
3342 1988 3575 2097 juata·
3624 2008 3826 2099 quas

445 2105 759 2191 litatem
813 2106 1102 2217 culpae
1150 2106 1574 2214 gravioriS,
1641 2126 1784 2186 aut
1832 2105 2373 2213 gravissimae.
2443 2104 2527 2188 Si
2575 2132 2777 2190 vero
2825 2130 3087 2187 unum
3141 2132 3239 2187 ex
3289 2100 3828 2217 infrascriptis

445 2226 932 2333 gravissimis
1005 2221 1488 2307 criminibus
1561 2225 2112 2326 commiserit,
2178 2245 2437 2339 atque·
2474 2223 2782 2327 semel,
2849 2223 3180 2324 iterum,
3232 2254 3327 2306 ac
3392 2224 3634 2306 tertio
3685 2216 3830 2307 ad·

446 2344 806 2427 monitus
841 2404 866 2448 ,
929 2365 1012 2426 et
1062 2364 1474 2426 correctus
1523 2402 1548 2448 ,
1615 2338 1719 2425 ad
1770 2339 1991 2426 idem
2063 2342 2375 2427 crimen
2454 2339 2851 2443 redierit,
2915 2364 3096 2454 post
3159 2343 3479 2427 tertiam
3533 2336 3826 2424 admo-

446 2464 841 2546 nitionem
885 2522 907 2563 ,
978 2490 1082 2544 ne
1132 2460 1330 2545 alios
1383 2463 1868 2570 contagione
1932 2462 2307 2576 pestifera
2357 2458 2697 2576 perdat,
2765 2463 2949 2545 eiici
3035 2456 3369 2546 tandem
3442 2461 3743 2573 poterit
3791 2522 3818 2567 ,

446 2583 780 2665 servatis
829 2579 1274 2684 servandiS,
1332 2610 1495 2663 non
1553 2581 1786 2663 aliter
1836 2602 2138 2685 tamen,
2192 2610 2442 2696 quam
2495 2581 2599 2666 ab
2649 2578 2981 2667 Abbate
3029 2577 3419 2664 Generali
3469 2574 3576 2663 de
3628 2606 3824 2662 con-

444 2699 682 2801 silio,
748 2722 829 2783 et
879 2730 1204 2783 assensu
1276 2721 1628 2812 quatuor
1694 2697 2435 2809 Hegumenorum3
2499 2696 2774 2814 deque
2824 2703 3003 2811 ejus
3052 2700 3458 2808 ejectione
3522 2698 3824 2785 certior

447 2816 591 2899 fiat
647 2812 1861 2907 Reverendissimus„Dominus
1933 2819 2396 2903 Patriarcha
2451 2817 2556 2902 ab
2621 2814 2912 2902 eodem
2967 2817 3297 2902 Abbate
3359 2815 3746 2902 Generali
3786 2810 3855 2902 .’

445 2932 551 3016 lI.
617 2933 960 3046 Ejectus
1025 2958 1242 3020 extra
1301 2933 1705 3022 Ordinem
1779 2934 2109 3048 degens,
2166 2941 2230 3021 si
2282 2960 2682 3053 perpetuo
2732 2967 3171 3049 suspensus
3236 2936 3342 3021 ab
3402 2935 3814 3021 executio-

446 3083 549 3138 ne
603 3049 1046 3138 Ordinum.
1104 3052 1255 3136 ΙΙΙ.
1309 3052 1528 3159 Quia
1581 3084 1775 3143 vero
1838 3088 2121 3141 sumus
2176 3057 2256 3139 in
2311 3053 2588 3141 medio
2643 3056 3000 3139 nationis
3060 3084 3416 3167 pravae,
3479 3084 3586 3139 ne
3650 3047 3817 3138 for-

445 3195 525 3256 te
575 3175 938 3282 ejectus,
1011 3170 1115 3258 ad
1170 3173 1699 3280 Haereticos,
1763 3176 1898 3261 vel
1965 3172 2355 3261 Infideles
2420 3171 2817 3279 accedat,
2899 3172 3246 3260 debebit
3314 3173 3601 3259 Abbas
3655 3169 3821 3259 Ge-

443 3292 736 3374 neralis
791 3324 957 3376 rem
1010 3313 1245 3379 antea
1297 3325 1492 3380 cum
1542 3292 2007 3379 Patriarcha
2065 3318 2438 3397 tractare,
2503 3292 2923 3379 hominem
2994 3326 3098 3380 ue
3162 3297 3257 3378 in·
3298 3323 3597 3379 manus
3641 3296 3820 3408 ejus

442 3411 946 3520 consignare,
1000 3433 1093 3497 ut
1153 3444 1301 3525 pro
1361 3445 1505 3498 sua
1570 3411 2037 3526 prudentia,
2109 3436 2192 3498 et
2241 3416 2581 3500 arbitrio
2628 3411 2734 3498 de
2783 3442 2882 3498 eo
2933 3326 3343 3530 disponat.
3409 3412 3554 3496 IV.
3641 3411 3823 3496 Cri-

454 3531 674 3611 mina
726 3592 749 3634 ,
815 3531 924 3614 ob
1005 3561 1217 3647 quae
1296 3531 1762 3618 Monachus
1844 3563 1946 3618 ex
2007 3530 2330 3619 Ordine
2397 3534 2584 3619 eiici
2637 3555 2963 3646 potest,
3037 3556 3474 3648 postquam
3539 3527 3823 3616 admo-

444 3648 724 3751 nitus,
790 3672 873 3732 et
957 3672 1367 3735 correctus
1433 3684 1597 3736 non
1673 3655 2168 3766 resipuerit,
2239 3650 2453 3738 idest
2520 3672 2643 3737 ter
2704 3681 2798 3736 ea
2864 3653 3371 3736 commiserit
3410 3712 3436 3757 ,
3519 3672 3817 3767 terque

444 3763 550 3849 de
601 3768 696 3850 iis
747 3798 910 3851 non
970 3770 1450 3882 resipuerit,
1504 3775 1878 3887 quamvis
1932 3765 2058 3857 ter
2103 3768 2578 3857 admonitus
2610 3830 2633 3877 ,
2671 3792 2753 3856 et
2803 3794 3268 3875 correctus,
3321 3792 3515 3855 su-nt
3564 3768 3806 3856 haec:

446 3883 528 3965 Si
583 3916 624 3967 a
700 3886 998 3971 Sancta
1051 3886 1474 3975 Catholica
1526 3891 1897 3977 Ecotesia
1950 3889 2054 3976 ad
2118 3888 2597 3976 Haereticos
2639 3951 2663 3994 ,
2732 3887 3305 3976 Schismatic‘oe
3338 3953 3369 3994 ,
3435 3889 3569 3976 vel
3620 3886 3825 3974 Infi-

445 3998 669 4086 deles
719 4002 1134 4088 defecerit.
1211 4008 1293 4091 Si
1346 4010 1454 4092 ab
1504 4007 1826 4101 Ordine
1876 4033 2154 4096 nostro
2204 4011 2799 4124 apostataverit.
2859 4010 2942 4094 Si
2994 4009 3411 4111 Fratrem,
3466 4009 3601 4095 vel
3648 4009 3823 4103 Ex-

426 4144 816 4205 .traneum
872 4128 1224 4233 graviter
1273 4131 1756 4237 percusserit
1788 4188 1812 4234 ,
1868 4152 2011 4215 aut
2059 4129 2476 4216 occiderit.
2534 4129 2619 4213 Si
2669 4125 3115 4215 fornicatus
3163 4126 3438 4214 fuerit.
3495 4129 3581 4213 Si
3637 4158 3817 4217 rem

446 4245 715 4349 magni
795 4245 1192 4335 momenti
1273 4242 1588 4329 furatus
1655 4242 1905 4343 suerit
1985 4280 2032 4333 e
2108 4250 2609 4335 Monasterio
2642 4310 2671 4350 ,
2752 4248 2885 4332 vel
2948 4281 2995 4333 a
3067 4248 3644 4334 saecularibus.
3728 4250 3813 4335 Si

446 4360 708 4444 sciens
772 4382 856 4445 et
902 4363 1189 4447 volens
1239 4364 1527 4455 cellam
1560 4426 1584 4470 ,
1634 4364 2254 4473 Monasterium,
2320 4366 2828 4481 Templum,
2895 4390 3038 4452 aut
3086 4367 3303 4485 quid·
3357 4368 3624 4453 simile
3672 4369 3821 4454 in·-

447 4477 842 4565 cenderit.
902 4479 983 4565 Si
1038 4482 1392 4591 sigisskum
1444 4481 2020 4577 confessionis,
2047 4484 2402 4596 fregerit.
2470 4488 2557 4570 Si
2619 4483 3069 4592 veneficia,
3126 4488 3743 4574 Incantationes
3783 4552 3808 4597 ,

444 4618 526 4679 et
577 4620 841 4684 cetera
892 4597 1370 4714 hujusmodi
1423 4608 1896 4689 exercuerit.
1967 4607 2050 4690 Si
2105 4609 2188 4689 in
2226 4602 2542 4719 judicio
2591 4608 2969 4718 perjurus
3016 4604 3288 4691 fuerit·
3335 4608 3419 4692 Si
3458 4606 3566 4693 ab
3614 4609 3823 4696 obe-

445 4712 750 4801 dientia
813 4718 1158 4806 Romani
1222 4721 1674 4828 Pontificio,
1726 4748 1874 4807 aut·
1916 4722 2443 4810 patriarchae·
2483 4748 2863 4838 proterve
2917 4726 3456 4814 rebellaverit.
3496 4726 3835 4815 Sin-sine-

442 4832 769 4920 licentia
823 4837 1241 4924 ordinarii
1294 4847 1560 4937 sciens
1602 4867 1694 4928 et
1752 4844 2177 4929 valenses
2233 4845 2754 4931 Sacramenta
2833 4842 3550 4948 administraverit,
3598 4876 3827 4967 queo·

441 4982 896 5067 expressam
959 4959 1378 5049 licentiam
1440 4966 1892 5078 requirunt.
1975 4964 2060 5046 Si
2112 4961 2756 5067 machinationes
2793 5025 2818 5069 ,
2886 4988 2969 5050 et
3017 4962 3453 5052 schismata
3524 4962 3827 5055 {baetin

445 5072 547 5158 ad
600 5074 1269 5185 destructionem,
1340 5082 1486 5167 vel²
1528 5081 2016 5175 dimisionem
2066 5080 2430 5167 Ordinis.
2507 5086 2592 5169 Si
2662 5074 2707 5168 a
2756 5086 3177 5170 sententia-
3222 5086 3589 5179 Abbatia
3648 5085 3821 5174 Ge·

446 5197 792 5302 neralis,
839 5223 1018 5284 nutv
1061 5198 1390 5313 Congu-e
1497 5204 1740 5285 tionis
1786 5200 2216 5293 Generalis
2251 5264 2275 5307 ,
2329 5204 2489 5288 vel'
2527 5201 3209 5313 Hegumenorum
3261 5201 3367 5288 ad
3417 5202 3829 5295 Infidolea·

439 5321 1026 5425 provocaverit.
1095 5319 1196 5404 Si-
1245 5231 1822 5419 adflizfidelos·
1882 5319 2414 5433 confugerit»,
2484 5344 2576 5417 us.
2626 5347 3074 5437 procurent
3120 5323 3274 5408 sibi
3313 5385 3340 5432 ,
3419 5325 3571 5414 vel·
3631 5327 3819 5414 aliis

443 5433 779 5551 aliquod
830 5433 1231 5542 officium,
1280 5440 1416 5528 vel
1467 5438 1950 5552 dignitatem
2000 5444 2084 5533 in
2139 5439 2489 5545 ovdtne,
2545 5464 2693 5527 aue
2736 5463 2953 5528 extra
3008 5439 3474 5541 Ordinenr.
3545 5444 3827 5539 Penes

442 5549 1188 5669 Congregationem
1250 5560 1946 5674 Hegumenorum·
1984 5564 2139 5648 erit
2186 5559 2588 5681 judicare,
2640 5590 3163 5765 pogzpffique
3207 5566 3653 5678 ejectionis¹
3688 5568 3827 5652 in·-

700 5682 783 5765 T
774 5680 1058 5765 omJI.
