4834 6409
413 613 652 705 Urbe
713 633 989 701 nostra
1039 612 1303 726 erigi,
1366 632 1452 699 et
1496 609 1816 698 institui
1864 608 2192 699 valeant
2232 668 2261 715 ‚
2347 604 2775 722 propensis
2834 599 3128 690 studiis
3196 507 3796 704 intendimus?

412 767 510 824 ac
554 734 978 851 pastoralis
1025 730 1279 820 officii
1326 734 1582 820 nostri
1629 751 1898 847 partes
1957 728 2310 844 desuper
2363 726 2968 842 interponimus
3019 757 3036 806 t
3120 725 3338 828 sicut
3384 718 3775 806 omnibus

409 878 783 943 maturae
833 850 1504 940 considerationis
1552 853 1861 938 trutina
1908 851 2330 965 perpensis
2383 843 2490 932 ad
2541 846 3163 960 omnipotentis
3194 841 3356 928 Dei
3391 841 3776 954 gloriam,

412 998 498 1062 et
543 973 941 1060 dominici
1003 975 1265 1085 gregis
1324 973 1762 1059 utilitatem
1799 1032 1822 1078 ,
1915 973 2547 1084 animarumque
2624 966 2977 1052 salutem
3040 963 3610 1076 cognoscimus
3696 960 3784 1043 in

413 1093 789 1182 Domino
837 1093 1272 1180 salubriter
1340 1088 1745 1207 expedire.
1776 1143 1781 1150 ·
1818 1090 2049 1175 Alias
2098 1086 2508 1205 siquidem
2562 1087 2823 1173 Nobis
2871 1115 3023 1200 pro
3071 1105 3303 1197 parte
3353 1077 3635 1166 dilecti
3689 1076 3785 1163 fi-

414 1214 507 1299 lii
569 1214 1130 1299 procuratoris
1179 1210 1609 1298 Generalis
1660 1210 2043 1294 Fratrum
2113 1205 2457 1293 Ordinis
2528 1207 3095 1293 Sanctissimae
3144 1203 3574 1289 Trinitatis
3619 1196 3785 1285 Re·

414 1330 918 1447 demptionis
985 1331 1528 1445 Captivorum
1610 1330 2293 1418 Excalceatorum
2362 1348 3027 1440 nuncupatorum
3096 1321 3775 1433 Congregationis

413 1451 1003 1566 Hispaniarum
1054 1453 1416 1565 exposito
1446 1511 1471 1555 ,
1510 1448 1738 1568 quod
1774 1480 1965 1535 cum
2005 1445 2374 1553 dudum,
2412 1478 2711 1562 nempe
2748 1476 2968 1531 anno
3003 1437 3764 1527 MDCLxXxnI.

414 1568 841 1689 quondam
910 1569 1318 1685 Josephus
1395 1566 1727 1656 Faraldi
1798 1568 2238 1680 Presbyter
2304 1598 2402 1652 ex
2466 1567 2852 1654 Dioecesi
2922 1565 3268 1650 Sanctae
3336 1559 3778 1646 Severinae

406 1687 866 1796 oriundus,
917 1694 1138 1777 varia
1192 1689 1680 1776 christianae
1742 1690 2106 1803 pietatis,
2186 1708 2271 1773 et
2320 1685 2784 1773 devotionis
2846 1715 3088 1798 opera
3141 1686 3224 1767 in
3279 1681 3464 1767 loco
3510 1743 3539 1783 ,
3611 1677 3767 1794 ubi

407 1807 857 1922 vulgariter
907 1807 1213 1895 dicitur
1262 1808 1510 1895 Delle
1556 1810 1935 1893 For-naci
1969 1869 1992 1912 ,
2046 1811 2349 1895 Monte
2394 1805 2620 1890 della
2677 1810 2931 1894 Creta
2965 1868 2989 1910 ,
3051 1832 3305 1918 prope
3341 1863 3370 1905 ,
3432 1823 3515 1886 et
3552 1820 3783 1886 extra

410 1930 744 2017 Moenia
794 1929 1051 2015 Urbis
1100 1926 1610 2044 praedictae,
1677 1959 1773 2014 ac
1841 1926 2172 2011 Portam
2221 1926 2631 2042 Equitum
2684 1926 2886 2016 levis
2937 1946 3393 2010 armaturae
3441 1950 3771 2006 nuncu-.

408 2071 681 2163 patam
720 2109 745 2153 ,
809 2052 1021 2134 intra
1060 2048 1361 2133 limites
1387 2049 1702 2134 scilicet
1749 2045 2247 2132 parochialis
2294 2046 2721 2134 Ecclesiae
2773 2045 3047 2130 Sancti
3091 2041 3388 2152 Angeli
3426 2036 3531 2126 ad
3571 2037 3640 2122 F
3643 2071 3775 2125 or-

412 2199 656 2256 naces
691 2229 716 2273 ,
797 2198 1011 2286 quae
1061 2167 1454 2256 Basilicae
1506 2168 1786 2253 Sancti
1836 2166 2055 2252 Petri
2119 2169 2206 2250 in
2266 2166 2669 2252 Vaticano
2718 2164 2823 2251 de
2872 2160 3158 2250 eadem
3208 2160 3446 2248 Urbe
3495 2156 3771 2248 filialis

412 2290 685 2375 existit
720 2349 745 2393 ,
808 2291 1128 2400 posite,
1193 2284 1298 2371 de
1340 2288 1666 2373 licentia
1719 2286 1916 2374 bon.
1971 2317 2215 2371 mem.
2256 2285 2680 2399 Gasparis,
2732 2285 2938 2370 dum
2989 2286 3334 2385 viveret,
3379 2282 3465 2365 S.
3524 2280 3620 2365 R.
3659 2279 3765 2362 E.

410 2402 880 2492 Cardinalis
930 2405 1317 2518 Carpinei
1371 2408 1891 2519 nuncupati,
1940 2427 2142 2491 tunc
2196 2409 2581 2519 temporis
2631 2410 2715 2492 in
2767 2404 3004 2492 Urbe
3043 2398 3502 2515 praedicta,
3551 2405 3768 2515 ejus-

409 2555 576 2644 que
626 2521 1000 2612 districtu
1052 2526 1361 2611 Vicarii
1412 2529 1493 2612 in
1547 2525 2113 2639 spiritualibus
2164 2524 2638 2631 Generalis,
2687 2523 2996 2612 festivis
3028 2520 3322 2609 diebus
3359 2549 3760 2632 exercere,

405 2676 502 2732 ac
549 2645 1008 2761 spirituales
1057 2643 1163 2730 ad
1214 2643 1522 2731 Christi
1562 2642 1849 2733 fideles
1885 2706 1916 2748 ,
1965 2646 2269 2762 quibus
2317 2649 2490 2759 ipse
2538 2644 2944 2758 Josephus
3012 2676 3055 2728 a
3134 2644 3382 2728 sacris
3448 2631 3781 2728 confes-‘

411 2765 783 2851 sionibus
852 2787 1026 2850 erat
1075 2826 1100 2871 ,
1165 2796 1581 2854 sermones
1645 2763 1951 2851 habere
2010 2767 2375 2877 primum
2454 2771 2907 2878 coepisset,
2972 2764 3520 2879 pluribusque
3587 2760 3765 2844 aliis

406 2887 840 3001 utriusque
889 2915 1125 2971 sexus
1182 2882 1487 2974 Christi
1529 2882 1964 2989 fidelibus,
2016 2884 2215 2971 illuc
2265 2882 2792 3000 postmodum
2844 2881 3461 2969 confluentibus
3498 2942 3520 2983 ,
3587 2909 3767 2994 par-

405 3033 591 3090 vam
644 3033 742 3089 ex
792 3004 1015 3113 ligno
1051 3003 1533 3118 Cappellam
1570 3071 1599 3108 ‚
1652 3008 1735 3090 in
1775 3035 1937 3121 qua
1974 3004 2426 3117 Imaginem
2478 3005 2775 3090 Beatae
2825 3003 3138 3089 Mariae
3188 3001 3554 3112 Virginis
3609 2998 3779 3085 Im-

406 3121 862 3205 maculatae
910 3122 1068 3206 sub
1124 3125 1364 3209 titulo
1400 3188 1423 3230 ,
1488 3156 1628 3211 seu
1681 3127 2202 3210 invocatione
2254 3124 2862 3238 Deprecatricis
2910 3124 3351 3235 gratiarum
3411 3120 3767 3207 colloca·

412 3261 640 3325 verat
672 3300 697 3344 ,
762 3238 1130 3352 ejusdem
1186 3240 1567 3357 Gasparis
1615 3241 2078 3329 Cardinalis
2128 3244 2435 3329 Vicarii
2485 3246 2971 3330 auctoritate
3037 3243 3418 3327 erexisset
3459 3301 3484 3345 ,
3566 3238 3766 3326 inde

404 3388 604 3444 vero
655 3381 893 3444 aucta
947 3360 1243 3473 Populi
1296 3361 1735 3450 devotione
1770 3426 1793 3464 ,
1859 3387 1943 3449 et
1991 3355 2451 3480 frequentia
2482 3426 2506 3469 ,
2574 3398 2619 3449 a
2671 3362 2803 3451 fel.
2863 3393 3021 3450 rec.
3078 3357 3556 3448 Alexandro
3607 3361 3769 3446 Pa-

399 3508 501 3592 pa
551 3477 788 3562 V111.
843 3478 1465 3569 praedecessose
1531 3483 1835 3568 Nostro
1899 3482 2325 3569 humiliter
2390 3487 2752 3596 petiisset
2803 3548 2827 3593 ,
2910 3503 3318 3600 quatenus
3380 3480 3535 3565 sibi
3603 3513 3779 3567 am-

401 3596 747 3710 pliorem
797 3596 1109 3687 ibidem
1161 3602 1615 3689 Ecclesiam
1668 3632 1763 3689 ex
1816 3600 2086 3716 lapide
2152 3601 2755 3708 construendi,
2819 3600 2928 3690 ad
2995 3598 3228 3719 quod
3288 3602 3547 3685 situm
3625 3631 3774 3688 ne·

403 3719 852 3803 cessarium
901 3751 947 3804 a
1000 3719 1380 3831 legitimis
1428 3722 1813 3807 Dominis
1861 3753 1958 3808 ex
2012 3719 2499 3810 eorumdem
2576 3722 2885 3808 Christi
2922 3719 3295 3808 fidelium
3334 3720 3786 3834 eleemosy-

394 3839 524 3920 nis
573 3862 1061 3946 coemerat,
1121 3837 1603 3954 potestatenl
1650 3838 2001 3929 faceret:
2076 3872 2330 3959 reque
2383 3840 2791 3954 ejusmodi
2860 3873 3008 3956 per
3081 3844 3354 3955 ipsum
3409 3842 3765 3928 Alexan·

401 3951 651 4041 drum
703 3956 1415 4048 praedecessorem
1466 3957 1885 4075 praedicto
1948 3960 2296 4072 Gaspari
2364 3960 2791 4048 Cardinali
2852 3962 3184 4047 Vicario
3256 3963 3686 4047 commissa
3735 4026 3766 4066 ,

404 4073 631 4161 idem
681 4074 995 4191 Gaspar
1046 4079 1509 4166 Cardinalis
1558 4082 1984 4186 Vicarius,
2047 4077 2349 4165 auditis
2399 4085 2628 4195 prius
2680 4081 3127 4198 Capitulo,
3218 4103 3303 4166 et
3357 4103 3559 4169 tunc
3608 4085 3776 4169 exi-

400 4218 611 4282 sten.
687 4194 1131 4284 Canonicis
1193 4198 1707 4314 supradictae
1756 4200 2147 4286 Basilicae
2212 4201 2491 4287 Sancti
2568 4201 2790 4288 Petri
2865 4230 3111 4315 super
3169 4201 3396 4286 omni
3472 4230 3770 4287 eorum

396 4337 833 4427 praetenso
880 4315 1080 4402 Jure
1118 4382 1147 4422 ,
1208 4342 1293 4405 et
1340 4322 1772 4422 interesse,
1836 4316 2217 4437 factaque
2267 4343 2719 4408 memorato
2767 4317 3219 4408 Alexandri
3269 4317 3771 4409 praedeces-

394 4434 567 4518 sori
620 4436 872 4519 totius
925 4440 1038 4521 rei
1093 4438 1484 4524 relatione
1518 4502 1545 4541 ,
1599 4436 1707 4524 de
1753 4436 2147 4525 mandato
2195 4437 2568 4553 ejusdem
2623 4438 3072 4528 Alexandri
3113 4436 3772 4528 praedecessoris

387 4555 644 4640 vivae*
682 4556 860 4667 ejus
910 4559 1135 4643 vocis
1193 4558 1529 4645 oraculo
1579 4580 1917 4672 accepto
1953 4619 1978 4663 ,
2044 4555 2465 4672 praedicto
2513 4558 2877 4674 Josepho
2939 4557 3403 4646 istiusmodi
3467 4560 3769 4650 Eccle-

396 4675 604 4758 siam
659 4675 1189 4762 construendi
1242 4742 1271 4782 ,
1334 4681 1509 4766 sine
1562 4703 1836 4766 tamen
1889 4681 2200 4790 jurium
2255 4678 2860 4765 parochialium
2941 4676 3210 4766 dictae
3263 4679 3771 4769 parochialis

383 4792 813 4879 Ecclesiae
865 4795 1144 4882 Sancti
1196 4799 1497 4909 Angeli
1548 4793 2061 4915 praejudicio
2095 4861 2127 4902 ,
2189 4819 2274 4884 et
2333 4829 2426 4884 ea
2497 4796 2813 4914 adjecta
2883 4798 3062 4908 lege
3095 4863 3120 4905 ,
3205 4822 3302 4885 ut
3377 4799 3765 4890 Ecclesia

386 4917 504 4998 sic
556 4912 1105 5001 construenda
1158 4914 1352 5003 Sedi
1403 4920 1929 5033 Apostolicae
1976 4977 2000 5022 ,
2066 4949 2161 5004 ac
2234 4949 2383 5031 pro
2454 4941 2822 5033 tempore
2871 4921 3246 5006 existenti
3313 4921 3401 5006 in
3468 4919 3765 5010 eadem

388 5031 633 5117 Urbe
682 5031 1016 5120 Vicario
1070 5039 1155 5121 in
1205 5039 1771 5150 spiritualibus
1831 5036 2223 5124 Generali
2309 5040 2393 5121 in
2481 5063 2978 5154 perpetuum
3027 5038 3402 5156 subjecta
3479 5038 3696 5129 soret
3730 5104 3757 5148 ,

395 5151 756 5265 amplam
804 5148 1279 5242 facultatem
1312 5215 1336 5261 ,
1404 5180 1488 5243 et
1541 5159 1960 5246 licentiam
2014 5181 2525 5243 concesserat
2573 5192 2592 5238 ε
2662 5180 2747 5244 et
2792 5159 2990 5244 alias
3035 5221 3061 5264 ,
3126 5183 3376 5275 prout
3445 5162 3530 5244 in
3592 5160 3765 5249 De-

387 5293 620 5362 creto
670 5301 817 5384 per
882 5272 1272 5360 eumdem
1338 5273 1789 5391 Gasparem
1864 5272 2401 5363 Cardinalem
2470 5276 2896 5364 Vicat-ium
2981 5275 3117 5365 die
3204 5280 3287 5365 5.
3380 5277 3775 5368 Octobris

400 5388 894 5479 MDCXCI.
953 5391 1305 5511 desuper
1351 5391 1578 5483 edito
1613 5458 1637 5503 ,
1714 5400 1955 5512 cujus
2002 5418 2374 5483 tenorem
2437 5395 3009 5509 praesentibus
3079 5430 3230 5514 pro
3296 5398 3543 5512 plene
3597 5463 3622 5507 ,
3689 5425 3776 5490 et

400 5508 911 5631 sufficienter
966 5545 1340 5630 expresso
1373 5581 1403 5623 ,
1466 5547 1562 5602 ac
1610 5513 1717 5602 de
1767 5516 2029 5603 verbo
2079 5512 2184 5602 ad
2230 5514 2581 5602 'verbum
2641 5520 2946 5605 inserto
3007 5517 3298 5605 haberi
3351 5519 3770 5625 volumus,

387 5633 735 5835 ”bflzfjus
785 5629 1221 5839 dlipebatur
1269 5638 1675 5726 contineri
1722 5672 1751 5751 3
1832 5657 2082 5754 atque
2132 5637 2219 5723 in
2270 5639 2446 5727 vim
2508 5632 2919 5751 ejusmodi
2979 5633 3400 5839 gacultatis
3464 5636 3771 5729 fabrica

605 5780 764 5837 om.
915 5817 936 5841 .
