4834 6409
376 621 693 712 furtum
735 686 758 730 ,
823 626 1282 741 perjurium
1322 688 1351 730 ‚
1425 623 1795 710 ebrietas.
1868 621 2654 713 Itemsubornator
2705 684 2730 726 ,
2812 624 2956 741 qui
3039 652 3343 738 prece,
3423 535 3698 735 pretig
3738 687 3768 728 ,

379 747 628 831 minis
663 805 688 851 ,
743 747 875 830 vel
925 775 1466 863 quocumque
1514 745 1676 831 alio
1740 742 1992 831 modo
2045 740 2463 831 induxerit
2523 773 2663 829 eos
2702 805 2725 849 ,
2777 747 2919 862 qui
2998 744 3080 827 in
3152 742 3557 829 electione
3622 771 3771 826 vo-

377 896 557 950 cem
633 867 982 951 activam
1054 865 1370 961 habent
1412 928 1442 968 ,
1521 889 1612 950 ut
1681 868 2039 980 seipsum
2090 867 2225 951 vel
2280 862 2788 952 Monachum
2844 863 3204 981 aliquem
3273 860 3772 948 determina-

380 1007 559 1069 tum
614 985 974 1096 eligant,
1042 988 1521 1094 singulatim
1571 1015 1760 1070 eum
1822 983 2349 1073 nominando.
2419 985 2627 1069 Item
2681 987 2821 1100 qui
2868 1016 3037 1097 ,per
3116 986 3473 1096 seipsum
3523 1045 3553 1085 ,
3632 983 3770 1068 vel

382 1105 637 1191 alium
692 1128 1079 1219 procurat
1128 1108 1286 1190 sibi
1369 1102 1850 1214 dign-itatem
1909 1108 2267 1222 aliquam
2322 1127 2539 1190 extra
2597 1103 3028 1188 Ordinem.
3099 1102 3358 1211 Item,
3423 1105 3566 1217 qui
3617 1135 3771 1217 pu·

377 1225 655 1329 blice,
725 1248 808 1312 et
857 1224 1332 1311 scandalose
1385 1224 1760 1310 Romano
1827 1225 2205 1310 Pontifici
2249 1288 2273 1331 ,
2325 1247 2468 1309 aut
2533 1223 3052 1309 patriarchae
3092 1225 3246 1308 .vel
3322 1221 3770 1309 Ordinatio

381 1345 542 1431 loci
614 1344 1058 1430 detraxerit
1094 1408 1119 1450 ,
1187 1369 1329 1430 aut
1380 1375 1664 1429 eorum
1720 1349 2152 1431 canonicas
2201 1347 2663 1430 sanctiones
2717 1348 3323 1456 contempserit.
3376 1334 3767 1460 Denique

381 1470 528 1579 qni
581 1464 1098 1549 Monachum
1153 1466 1469 1550 notorie
1523 1463 1958 1576 indignum
2010 1469 2274 1551 sciens
2344 1488 2424 1549 et
2477 1462 2843 1574 prudens
2892 1461 3338 1581 aliquando
3404 1465 3762 1574 elegerit.

378 1584 487 1668 11.
561 1585 658 1667 In
716 1587 812 1667 iis
866 1583 1513 1697 impedimentis,
1545 1617 1759 1702 quae
1794 1619 1886 1671 ex
1939 1589 2122 1700 jure
2174 1584 2604 1670 Canonico
2654 1588 3153 1696 proveniunt
3187 1648 3219 1687 ,
3270 1582 3775 1696 dispensatio

375 1701 732 1819 petenda
789 1726 909 1788 est
960 1736 1004 1789 a
1064 1703 1434 1813 legitimo
1487 1704 1925 1819 Superiore
1951 1704 2259 1821 (qualis
2300 1725 2420 1788 est
2452 1706 3025 1789 Sanctissimus
3080 1704 3497 1788 Romanus
3550 1704 3769 1789 Pon·

300 1826 311 1835 ⁴
379 1821 600 1931 tifex,
656 1823 919 1908 thus
986 1822 1093 1906 D.
1150 1824 1616 1909 Patriarcha
1654 1887 1682 1931 ,
1739 1848 1830 1910 et
1883 1825 2377 1910 Ordinarius
2428 1826 2585 1907 loci
2640 1825 3103 1937 Episcopus
3156 1825 3631 1938 respective)
3684 1828 3770 1910 in

378 1944 560 2029 aliis
612 1975 836 2048 vern,
892 1973 1105 2059 quae
1155 1974 1254 2029 ex
1299 1948 1603 2049 ¹nostris
1659 1943 2423 2029 Constitutionibus
2487 1939 3007 2029 inducuntur
3059 1943 3341 2028 Abbas
3412 1941 3778 2030 Genera-

377 2064 477 2148 lis
528 2060 1001 2178 dispensare
1050 2064 1359 2177 poterit
1394 2127 1419 2169 ,
1486 2066 1620 2150 vel
1672 2095 1771 2149 eo
1822 2064 2160 2150 absente
2209 2061 2765 2175 Congregatio
2813 2064 3237 2174 generalis.
3295 2064 3448 2146 111.
3499 2061 3773 2150 Nemo

382 2183 640 2294 eligi,
707 2207 847 2268 aut
900 2185 1197 2293 eligere
1249 2185 1552 2296 poterit
1587 2247 1613 2291 ,
1676 2186 1760 2269 in
1815 2185 2232 2270 Abbatem
2287 2182 2784 2270 Generalem
2837 2243 2865 2285 ,
2927 2206 3067 2268 aut
3119 2182 3707 2294 Hegumenum
3739 2247 3766 2290 ,

382 2305 558 2389 sive
622 2306 704 2386 in
787 2304 1204 2389 Abbatem
1275 2302 1812 2407 Provinciae,
1877 2327 2020 2389 ant
2068 2300 2628 2411 Mona'steri‘i,
2697 2304 2849 2387 nisi
2918 2304 3245 2412 triginta
3313 2333 3571 2388 annos
3620 2304 3775 2390 sal-

386 2444 558 2509 tem
609 2420 1039 2508 inchoatos
1103 2424 1389 2508 aetatis
1465 2421 1762 2519 habeat
1813 2488 1843 2527 ,
1903 2448 1984 2510 et
2037 2426 2191 2507 nisi
2255 2454 2389 2508 sex
2442 2455 2700 2509 annos
2766 2424 2850 2506 in
2906 2420 3562 2533 Congregatione
3631 2455 3774 2509 no-

384 2564 547 2627 stra
628 2542 1167 2657 compleverit
1213 2605 1240 2648 ,
1303 2539 1816 2630 includendo
1869 2574 2128 2629 annos
2195 2544 2733 2656 probationis.
2800 2541 2946 2626 IV.
3017 2542 3114 2626 In
3183 2544 3777 2654 Congregatio·

386 2663 666 2775 nibus,
699 2664 1384 2774 Hegumenorum
1421 2724 1447 2768 ,
1499 2663 2009 2769 Provinciae,
2064 2686 2145 2747 et
2199 2661 2705 2769 Monasterii,
2749 2664 2803 2746 ii
2859 2684 3180 2746 tantum
3229 2693 3519 2748 vocem
3573 2666 3774 2750 acti·

382 2811 574 2866 vam
613 2781 939 2867 -habent
974 2843 998 2886 ,
1052 2811 1407 2898 quorum
1463 2786 1777 2867 mentio
1828 2784 1944 2893 ibi
1999 2780 2117 2867 fit.
2186 2781 2501 2868 Vocem
2553 2812 2752 2867 vero
2812 2783 3213 2895 passivam
3265 2784 3347 2866 in
3406 2780 3772 2893 Congre-

389 2898 717 3010 gatione
796 2900 1219 3009 generali,
1283 2923 1369 2985 et
1443 2901 2127 3012 Hegumenorum
2199 2900 2506 2987 habere
2588 2924 2929 3018 possunt
3008 2932 3295 2988 omnes
3378 2901 3771 2990 Monachi

384 3015 782 3131 professi.
840 3019 935 3102 In
1007 3016 1663 3131 Congregatione
1717 3053 1911 3109 vero
1969 3022 2454 3107 Provinciae
2507 3087 2529 3129 ,
2593 3043 2677 3107 et
2726 3020 3418 3107 Monasteriorum
3488 3025 3541 3103 ii
3596 3043 3773 3107 tan-

386 3160 568 3222 tum
623 3137 1037 3222 Monachi.
1095 3142 1237 3255 qni
1292 3165 1486 3225 sunt
1549 3141 1772 3226 illius
1822 3145 2360 3255 Provinciae,
2427 3164 2509 3227 et
2570 3141 3075 3226 Monasterii.
3138 3142 3239 3225 V.
3294 3142 3565 3226 Nemo
3616 3171 3776 3255 po.-

390 3278 549 3343 test
598 3257 906 3343 habere
957 3257 1235 3373 plures
1287 3286 1528 3348 voces
1590 3264 1894 3347 activas
1931 3326 1955 3369 ,
2021 3264 2329 3345 etiamsi
2400 3260 2702 3347 habeat
2750 3262 2986 3373 plura
3042 3264 3124 3344 in
3203 3259 3528 3347 Ordine
3589 3258 3772 3346 offi-

384 3379 507 3462 cia
538 3443 567 3482 ,
630 3375 774 3462 sed
841 3380 1415 3495 unnsquisque
1481 3412 1733 3466 unam
1785 3405 2105 3466 tantum
2161 3411 2452 3467 vocem
2503 3380 2829 3466 habeat.
2905 3379 3055 3462 VI.
3124 3380 3422 3467 Omnis
3471 3380 3766 3465 electio

389 3494 533 3582 fiat
595 3529 744 3610 per
791 3490 1174 3610 suffragia
1227 3523 1557 3587 secreta.
1610 3499 1805 3585 Vll.
1860 3502 2080 3585 Ante
2131 3498 2623 3585 electionem
2674 3500 3067 3611 leguntur
3119 3499 3775 3588 Constitutiones

387 3613 494 3702 de
547 3615 825 3701 officio
874 3614 1444 3727 eligendorum
1479 3683 1503 3720 ‚
1568 3642 1653 3705 et
1708 3618 1813 3704 de
1864 3622 2292 3705 electione.
2344 3619 2585 3704 VIII.
2667 3620 2748 3703 Si
2802 3618 3182 3726 suffragia
3265 3617 3577 3704 fuerint
3642 3650 3772 3705 ae-

387 3735 663 3853 qualia
713 3798 738 3842 ,
794 3760 939 3821 aut
1003 3739 1085 3821 in
1141 3734 1503 3826 diversas
1557 3768 1941 3854 personas
1993 3742 2100 3823 ita
2153 3736 2768 3846 distrahantur,
2824 3763 2918 3825 ut
2968 3741 3050 3822 in
3108 3739 3433 3823 nullum
3505 3743 3770 3853 major

388 3886 572 3967 pars
625 3858 1066 3942 conveniat
1103 3918 1128 3964 ,
1182 3857 1270 3944 id
1320 3858 1463 3946 fiat
1507 3923 1537 3965 ,
1602 3859 1832 3979 quod
1882 3889 2125 3974 supra
2182 3858 2383 3971 Cap.
2457 3859 2563 3944 ll.
2624 3890 2856 3946 num.
2918 3857 3119 3943 XII.
3190 3881 3274 3943 et
3337 3857 3580 3942 Xttl.
3647 3855 3773 3943 di·

397 3994 623 4057 Cium
678 3997 823 4061 est·

1745 4075 1815 4182 c
1882 4098 1958 4181 A
2005 4096 2114 4181 -Ρ,
2236 4098 2433 4183 vn.

1708 4337 1847 4421 De
1913 4335 2012 4425 V
2004 4340 2457 4422 [sitatione.

513 4576 578 4659 I.
645 4568 930 4662 Abbas
980 4574 1410 4678 Generalis
1459 4575 1713 4661 semel
1762 4576 2047 4659 saltem
2114 4577 2195 4659 in
2263 4575 2624 4662 triennio
2692 4579 2963 4665 visitet
3013 4582 3294 4666 omnia
3348 4580 3766 4668 Monaste-

398 4700 514 4782 ria
567 4694 939 4804 Ordinis,
993 4720 1076 4782 et
1126 4696 1411 4783 Abbas
1475 4697 1959 4781 Provinciae
2021 4695 2273 4780 semel
2325 4694 2705 4814 quolibet
2770 4730 2990 4783 anno
3053 4699 3547 4787 Monasteria
3615 4702 3771 4788 sibi

392 4815 794 4928 subjecta,
823 4842 919 4903 ut
959 4814 1282 4931 dictum
1336 4842 1457 4904 est
1506 4818 1684 4903 Par.
1724 4815 1873 4899 Ill.
1914 4816 2116 4928 Cap.
2179 4814 2329 4898 111.
2387 4845 2612 4900 num.
2672 4815 2821 4901 Ill.
2874 4840 2959 4903 et
3009 4832 3201 4931 cap.'
3232 4819 3336 4902 V.
3381 4850 3605 4905 num.
3662 4821 3769 4906 ΙΙ.

395 4932 501 5017 11.
561 4935 644 5018 Si
698 4937 1061 5046 legitime
1109 4935 1424 5023 fuerint
1474 4932 1913 5052 impediti,
1978 4935 2483 5021 substituent
2552 4935 2972 5023 Vicarium
3024 4937 3584 5046 Visitatorem,
3638 4947 3775 5026 cui
3858 5044 3870 5055 ·

392 5075 720 5167 tempus
770 5118 793 5156 ,
862 5077 945 5141 et
994 5059 1562 5143 auctoritatem
1615 5087 1763 5169 per
1810 5088 1998 5142 suas
2066 5054 2336 5140 literas
2389 5052 2796 5143 definiant
2831 5119 2856 5163 ,
2900 5060 3152 5175 'eique
3221 5059 3556 5142 Socium
3629 5091 3774 5149 seu

392 5174 943 5260 Secretarium
994 5175 1478 5290 adjungent.
1543 5175 1780 5260 Nulli
1845 5199 2120 5262 autem
2190 5173 2524 5262 Vicario
2591 5176 3012 5264 Visitatori
3093 5174 3476 5263 credatur
3526 5239 3552 5283 ,
3621 5184 3778 5267 nisi

396 5296 665 5381 literas
713 5326 909 5401 suae
971 5293 1506 5408 delegationis
1555 5316 1796 5381 antea
1862 5293 2330 5397 exhibuerit
2405 5326 2680 5383 coram
2746 5295 3183 5385 Monachis
3244 5298 3328 5380 in
3410 5298 3779 5413 Congre-

386 5418 715 5525 gatione
765 5420 1236 5519 convocatis
1289 5420 1393 5525 in⁵
1425 5448 1528 5503 eo
1588 5414 2144 5521 Monasterio,
2198 5412 2430 5533 quod
2482 5413 2990 5504 visitandum
3057 5421 3258 5505 erit:
3329 5446 3509 5504 eam
3575 5451 3777 5509 vero

392 5536 997 5623 Monachorum
1047 5536 1796 5651 Congregatione'm
1845 5535 2134 5621 Abbas
2202 5534 2727 5647 convocabit,
2777 5542 3051 5653 statim
3101 5562 3352 5656 atque
3421 5543 3495 5626 ei
3550 5538 3773 5626 exhi·

390 5653 610 5744 bitae
674 5654 982 5746 fuerint
1044 5656 1325 5748 literae
1376 5658 1730 5762 Abbatis
1798 5653 2258 5765 Generalis,
2311 5684 2454 5747 aut
2505 5658 3235 5773 Hegurnenorum,
3299 5681 3446 5746 aut
3494 5660 3777 5747 Abba·
3888 5772 3905 5793 .
