<?xml version="1.0" encoding="UTF-8"?>
<!DOCTYPE html PUBLIC "-//W3C//DTD XHTML 1.0 Transitional//EN"
    "http://www.w3.org/TR/xhtml1/DTD/xhtml1-transitional.dtd">
<html xmlns="http://www.w3.org/1999/xhtml" xml:lang="en" lang="en">
 <head>
  <title>
</title>
<meta http-equiv="Content-Type" content="text/html;charset=utf-8" />
  <meta name='ocr-system' content='tesseract 3.04.00' />
  <meta name='ocr-capabilities' content='ocr_page ocr_carea ocr_par ocr_line ocrx_word'/>
</head>
<body>
  <div class='ocr_page' id='page_1' title='image "./bullariumpontif00fidegoog_0334.png"; bbox 0 0 4834 6409; ppageno 0'>
   <div class='ocr_carea' id='block_1_1' title="bbox 1059 423 4563 3272">
    <p class='ocr_par' dir='ltr' id='par_1_1' title="bbox 1059 423 1282 530">
     <span class='ocr_line' id='line_1_1' title="bbox 1059 423 1282 530; baseline -0.009 -23"><span class='ocrx_word' id='word_1_1' title='bbox 1059 423 1282 530; x_wconf 65' lang='lat'><strong>324.</strong></span> 
     </span>
    </p>

    <p class='ocr_par' dir='ltr' id='par_1_2' title="bbox 1063 532 4563 3272">
     <span class='ocr_line' id='line_1_2' title="bbox 1091 532 4447 655; baseline -0.001 -30"><span class='ocrx_word' id='word_1_2' title='bbox 1091 547 1453 631; x_wconf 73' lang='lat' dir='ltr'><strong>tutiones</strong></span> <span class='ocrx_word' id='word_1_3' title='bbox 1501 600 1538 645; x_wconf 84' lang='grc'><strong>,,</strong></span> <span class='ocrx_word' id='word_1_4' title='bbox 1580 561 1659 626; x_wconf 83' lang='lat' dir='ltr'><strong>et</strong></span> <span class='ocrx_word' id='word_1_5' title='bbox 1698 556 1941 629; x_wconf 72' lang='lat' dir='ltr'><strong>jcasus</strong></span> <span class='ocrx_word' id='word_1_6' title='bbox 2006 556 2495 631; x_wconf 72' lang='lat' dir='ltr'><strong>reservatos·</strong></span> <span class='ocrx_word' id='word_1_7' title='bbox 2534 541 2996 655; x_wconf 81' lang='lat' dir='ltr'><strong>pertinent,</strong></span> <span class='ocrx_word' id='word_1_8' title='bbox 3047 566 3129 622; x_wconf 83' lang='lat' dir='ltr'><strong>se</strong></span> <span class='ocrx_word' id='word_1_9' title='bbox 3179 567 3265 623; x_wconf 86' lang='lat' dir='ltr'><strong>se</strong></span> <span class='ocrx_word' id='word_1_10' title='bbox 3316 532 3752 645; x_wconf 71' lang='lat' dir='ltr'><strong>diligenter</strong></span> <span class='ocrx_word' id='word_1_11' title='bbox 3819 557 4262 643; x_wconf 78' lang='lat' dir='ltr'><strong>execeant,</strong></span> <span class='ocrx_word' id='word_1_12' title='bbox 4316 566 4447 646; x_wconf 69' lang='lat' dir='ltr'><strong>ea·</strong></span> 
     </span>
     <span class='ocr_line' id='line_1_3' title="bbox 1092 653 4449 779; baseline -0.002 -33"><span class='ocrx_word' id='word_1_13' title='bbox 1092 689 1445 779; x_wconf 83' lang='lat' dir='ltr'><strong>rumque</strong></span> <span class='ocrx_word' id='word_1_14' title='bbox 1518 691 1788 745; x_wconf 89' lang='lat' dir='ltr'><strong>rerum</strong></span> <span class='ocrx_word' id='word_1_15' title='bbox 1839 657 2324 769; x_wconf 77' lang='lat' dir='ltr'><strong>compendia</strong></span> <span class='ocrx_word' id='word_1_16' title='bbox 2375 685 2461 745; x_wconf 86' lang='lat' dir='ltr'><strong>et</strong></span> <span class='ocrx_word' id='word_1_17' title='bbox 2510 662 2851 747; x_wconf 82' lang='lat' dir='ltr'><strong>brevem</strong></span> <span class='ocrx_word' id='word_1_18' title='bbox 2901 654 3452 766; x_wconf 84' lang='lat' dir='ltr'><strong>interrogandi</strong></span> <span class='ocrx_word' id='word_1_19' title='bbox 3518 653 4001 743; x_wconf 76' lang='lat' dir='ltr'><strong>methodum</strong></span> <span class='ocrx_word' id='word_1_20' title='bbox 4032 717 4079 761; x_wconf 77' lang='lat'><strong>„</strong></span> <span class='ocrx_word' id='word_1_21' title='bbox 4124 678 4207 741; x_wconf 90' lang='lat' dir='ltr'><strong>et</strong></span> <span class='ocrx_word' id='word_1_22' title='bbox 4256 687 4449 765; x_wconf 79' lang='lat' dir='ltr'><strong>con-</strong></span> 
     </span>
     <span class='ocr_line' id='line_1_4' title="bbox 1091 774 4447 891; baseline -0.002 -26"><span class='ocrx_word' id='word_1_23' title='bbox 1091 803 1216 865; x_wconf 80' lang='lat' dir='ltr'><strong>tra</strong></span> <span class='ocrx_word' id='word_1_24' title='bbox 1262 782 1770 886; x_wconf 82' lang='lat' dir='ltr'><strong>singulorum</strong></span> <span class='ocrx_word' id='word_1_25' title='bbox 1844 803 2361 890; x_wconf 83' lang='lat' dir='ltr'><strong>peccatorum</strong></span> <span class='ocrx_word' id='word_1_26' title='bbox 2417 783 2724 891; x_wconf 82' lang='lat' dir='ltr'><strong>speeies</strong></span> <span class='ocrx_word' id='word_1_27' title='bbox 2780 774 3133 875; x_wconf 79' lang='lat' dir='ltr'><strong>remedia</strong></span> <span class='ocrx_word' id='word_1_28' title='bbox 3184 779 3558 861; x_wconf 82' lang='lat' dir='ltr'><strong>salutaria</strong></span> <span class='ocrx_word' id='word_1_29' title='bbox 3593 836 3619 879; x_wconf 88' lang='lat'><strong>,</strong></span> <span class='ocrx_word' id='word_1_30' title='bbox 3685 797 3773 858; x_wconf 87' lang='lat' dir='ltr'><strong>et</strong></span> <span class='ocrx_word' id='word_1_31' title='bbox 3812 779 4054 858; x_wconf 86' lang='lat' dir='ltr'><strong>sacris</strong></span> <span class='ocrx_word' id='word_1_32' title='bbox 4092 805 4447 885; x_wconf 70' lang='lat' dir='ltr'><strong>praeser-</strong></span> 
     </span>
     <span class='ocr_line' id='line_1_5' title="bbox 1089 891 4439 1010; baseline -0.001 -28"><span class='ocrx_word' id='word_1_33' title='bbox 1089 902 1238 983; x_wconf 89' lang='lat' dir='ltr'><strong>tim</strong></span> <span class='ocrx_word' id='word_1_34' title='bbox 1277 899 1781 983; x_wconf 45' lang='lat' dir='ltr'><strong>&#39;Canonibus</strong></span> <span class='ocrx_word' id='word_1_35' title='bbox 1819 961 1846 999; x_wconf 91' lang='lat'>‚</span> <span class='ocrx_word' id='word_1_36' title='bbox 1919 929 2391 1010; x_wconf 78' lang='lat' dir='ltr'><strong>comparare</strong></span> <span class='ocrx_word' id='word_1_37' title='bbox 2447 897 2829 997; x_wconf 82' lang='lat' dir='ltr'><strong>studeant</strong></span> <span class='ocrx_word' id='word_1_38' title='bbox 2877 931 2895 978; x_wconf 72' lang='grc' dir='ltr'><strong><em>ε</em></strong></span> <span class='ocrx_word' id='word_1_39' title='bbox 2966 895 3604 1010; x_wconf 63' lang='lat' dir='ltr'><strong>collationesque</strong></span> <span class='ocrx_word' id='word_1_40' title='bbox 3654 892 3775 1001; x_wconf 76' lang='lat' dir='ltr'><strong>de·</strong></span> <span class='ocrx_word' id='word_1_41' title='bbox 3829 891 4268 1006; x_wconf 74' lang='lat' dir='ltr'><strong>praedietis</strong></span> <span class='ocrx_word' id='word_1_42' title='bbox 4319 897 4439 977; x_wconf 90' lang='lat' dir='ltr'><strong>in-</strong></span> 
     </span>
     <span class='ocr_line' id='line_1_6' title="bbox 1089 1013 4453 1126; baseline -0.001 -24"><span class='ocrx_word' id='word_1_43' title='bbox 1089 1040 1213 1103; x_wconf 83' lang='lat' dir='ltr'><strong>tet·</strong></span> <span class='ocrx_word' id='word_1_44' title='bbox 1250 1049 1334 1101; x_wconf 85' lang='lat' dir='ltr'><strong>se</strong></span> <span class='ocrx_word' id='word_1_45' title='bbox 1386 1016 1678 1105; x_wconf 82' lang='lat' dir='ltr'><strong>diebus</strong></span> <span class='ocrx_word' id='word_1_46' title='bbox 1730 1016 1950 1103; x_wconf 86' lang='lat' dir='ltr'><strong>festis</strong></span> <span class='ocrx_word' id='word_1_47' title='bbox 2003 1016 2380 1105; x_wconf 86' lang='lat' dir='ltr'><strong>habeant.</strong></span> <span class='ocrx_word' id='word_1_48' title='bbox 2461 1018 2601 1111; x_wconf 68' lang='lat' dir='ltr'><strong>‚VL</strong></span> <span class='ocrx_word' id='word_1_49' title='bbox 2644 1014 3149 1115; x_wconf 76' lang='lat' dir='ltr'><strong>Confessarii</strong></span> <span class='ocrx_word' id='word_1_50' title='bbox 3202 1018 3311 1099; x_wconf 89' lang='lat' dir='ltr'><strong>ita</strong></span> <span class='ocrx_word' id='word_1_51' title='bbox 3377 1013 3716 1099; x_wconf 85' lang='lat' dir='ltr'><strong>audiant</strong></span> <span class='ocrx_word' id='word_1_52' title='bbox 3764 1016 4309 1126; x_wconf 70' lang='lat' dir='ltr'><strong>poenitentes,</strong></span> <span class='ocrx_word' id='word_1_53' title='bbox 4361 1038 4453 1097; x_wconf 87' lang='lat' dir='ltr'><strong>ut</strong></span> 
     </span>
     <span class='ocr_line' id='line_1_7' title="bbox 1087 1130 4452 1250; baseline -0.001 -30"><span class='ocrx_word' id='word_1_54' title='bbox 1087 1161 1471 1223; x_wconf 85' lang='lat' dir='ltr'><strong>mutuum</strong></span> <span class='ocrx_word' id='word_1_55' title='bbox 1527 1162 1943 1250; x_wconf 85' lang='lat' dir='ltr'><strong>aspectum</strong></span> <span class='ocrx_word' id='word_1_56' title='bbox 1997 1136 2336 1245; x_wconf 81' lang='lat' dir='ltr'><strong>fugiant.</strong></span> <span class='ocrx_word' id='word_1_57' title='bbox 2406 1135 2659 1242; x_wconf 88' lang='lat' dir='ltr'><strong>Quod</strong></span> <span class='ocrx_word' id='word_1_58' title='bbox 2711 1138 2772 1219; x_wconf 88' lang='lat' dir='ltr'><strong>si</strong></span> <span class='ocrx_word' id='word_1_59' title='bbox 2831 1137 3055 1237; x_wconf 80' lang='lat' dir='ltr'><strong>locus</strong></span> <span class='ocrx_word' id='word_1_60' title='bbox 3118 1164 3297 1231; x_wconf 47' lang='lat' dir='ltr'><strong>,non</strong></span> <span class='ocrx_word' id='word_1_61' title='bbox 3375 1138 3527 1218; x_wconf 88' lang='lat' dir='ltr'><strong>erit</strong></span> <span class='ocrx_word' id='word_1_62' title='bbox 3576 1130 4051 1245; x_wconf 81' lang='lat' dir='ltr'><strong>hujusmodi</strong></span> <span class='ocrx_word' id='word_1_63' title='bbox 4102 1194 4127 1239; x_wconf 88' lang='lat'><strong>,</strong></span> <span class='ocrx_word' id='word_1_64' title='bbox 4184 1156 4275 1216; x_wconf 85' lang='lat' dir='ltr'><strong>ut</strong></span> <span class='ocrx_word' id='word_1_65' title='bbox 4339 1156 4452 1219; x_wconf 85' lang='lat' dir='ltr'><strong>ta·</strong></span> 
     </span>
     <span class='ocr_line' id='line_1_8' title="bbox 1085 1244 4445 1367; baseline -0 -29"><span class='ocrx_word' id='word_1_66' title='bbox 1085 1255 1282 1339; x_wconf 85' lang='lat' dir='ltr'><strong>bula</strong></span> <span class='ocrx_word' id='word_1_67' title='bbox 1334 1244 2033 1341; x_wconf 52' lang='lat' dir='ltr'><strong>Confessarium&#39;a</strong></span> <span class='ocrx_word' id='word_1_68' title='bbox 2079 1257 2569 1353; x_wconf 74' lang='lat' dir='ltr'><strong>Poenitente</strong></span> <span class='ocrx_word' id='word_1_69' title='bbox 2614 1252 3283 1359; x_wconf 52' lang='lat' dir='ltr'><strong>dividat,‚manu</strong></span> <span class='ocrx_word' id='word_1_70' title='bbox 3337 1256 3806 1367; x_wconf 86' lang='lat' dir='ltr'><strong>interposita</strong></span> <span class='ocrx_word' id='word_1_71' title='bbox 3872 1255 4086 1335; x_wconf 89' lang='lat' dir='ltr'><strong>inter</strong></span> <span class='ocrx_word' id='word_1_72' title='bbox 4152 1249 4445 1361; x_wconf 67' lang='lat' dir='ltr'><strong>faeiem</strong></span> 
     </span>
     <span class='ocr_line' id='line_1_9' title="bbox 1085 1368 4442 1492; baseline 0 -36"><span class='ocrx_word' id='word_1_73' title='bbox 1085 1379 1494 1486; x_wconf 78' lang='lat' dir='ltr'>propriam</span> <span class='ocrx_word' id='word_1_74' title='bbox 1544 1439 1568 1479; x_wconf 91' lang='lat'><strong>,</strong></span> <span class='ocrx_word' id='word_1_75' title='bbox 1623 1400 1705 1460; x_wconf 92' lang='lat' dir='ltr'><strong>et</strong></span> <span class='ocrx_word' id='word_1_76' title='bbox 1757 1375 2352 1479; x_wconf 88' lang='lat' dir='ltr'><strong>Poenitentem,</strong></span> <span class='ocrx_word' id='word_1_77' title='bbox 2403 1380 2547 1492; x_wconf 85' lang='lat' dir='ltr'><strong>qui</strong></span> <span class='ocrx_word' id='word_1_78' title='bbox 2587 1373 2689 1459; x_wconf 89' lang='lat' dir='ltr'><strong>ad</strong></span> <span class='ocrx_word' id='word_1_79' title='bbox 2744 1376 2955 1459; x_wconf 83' lang='lat' dir='ltr'><strong>latus</strong></span> <span class='ocrx_word' id='word_1_80' title='bbox 2986 1404 3265 1491; x_wconf 44' lang='lat' dir='ltr'><strong>‚genua</strong></span> <span class='ocrx_word' id='word_1_81' title='bbox 3314 1373 3647 1458; x_wconf 86' lang='lat' dir='ltr'><strong>flectere</strong></span> <span class='ocrx_word' id='word_1_82' title='bbox 3697 1368 4000 1474; x_wconf 88' lang='lat' dir='ltr'><strong>debet,</strong></span> <span class='ocrx_word' id='word_1_83' title='bbox 4076 1369 4157 1454; x_wconf 89' lang='lat' dir='ltr'><strong>id</strong></span> <span class='ocrx_word' id='word_1_84' title='bbox 4213 1403 4442 1483; x_wconf 82' lang='lat' dir='ltr'><strong>prae·</strong></span> 
     </span>
     <span class='ocr_line' id='line_1_10' title="bbox 1085 1489 4439 1603; baseline -0.001 -28"><span class='ocrx_word' id='word_1_85' title='bbox 1085 1494 1356 1578; x_wconf 84' lang='lat' dir='ltr'><strong>stabit.</strong></span> <span class='ocrx_word' id='word_1_86' title='bbox 1413 1494 1510 1577; x_wconf 89' lang='lat' dir='ltr'><strong>In</strong></span> <span class='ocrx_word' id='word_1_87' title='bbox 1566 1492 1995 1579; x_wconf 85' lang='lat' dir='ltr'><strong>audiendis</strong></span> <span class='ocrx_word' id='word_1_88' title='bbox 2045 1524 2240 1577; x_wconf 87' lang='lat' dir='ltr'><strong>vero</strong></span> <span class='ocrx_word' id='word_1_89' title='bbox 2306 1493 2847 1580; x_wconf 81' lang='lat' dir='ltr'><strong>faeminarum</strong></span> <span class='ocrx_word' id='word_1_90' title='bbox 2900 1489 3546 1582; x_wconf 77' lang='lat' dir='ltr'>confessionibus</span> <span class='ocrx_word' id='word_1_91' title='bbox 3593 1554 3617 1597; x_wconf 94' lang='lat'><strong>,</strong></span> <span class='ocrx_word' id='word_1_92' title='bbox 3694 1520 4017 1575; x_wconf 84' lang='lat' dir='ltr'><strong>severos</strong></span> <span class='ocrx_word' id='word_1_93' title='bbox 4094 1494 4362 1603; x_wconf 79' lang='lat' dir='ltr'><strong>potius</strong></span> <span class='ocrx_word' id='word_1_94' title='bbox 4412 1554 4439 1595; x_wconf 90' lang='lat'><strong>,</strong></span> 
     </span>
     <span class='ocr_line' id='line_1_11' title="bbox 1086 1605 4445 1728; baseline -0.001 -33"><span class='ocrx_word' id='word_1_95' title='bbox 1086 1639 1330 1728; x_wconf 87' lang='lat' dir='ltr'><strong>quam</strong></span> <span class='ocrx_word' id='word_1_96' title='bbox 1372 1611 1804 1703; x_wconf 76' lang='lat' dir='ltr'><strong>familiares</strong></span> <span class='ocrx_word' id='word_1_97' title='bbox 1853 1645 1939 1698; x_wconf 79' lang='lat' dir='ltr'><strong>se</strong></span> <span class='ocrx_word' id='word_1_98' title='bbox 1995 1612 2466 1716; x_wconf 81' lang='lat' dir='ltr'>exhibeant,</span> <span class='ocrx_word' id='word_1_99' title='bbox 2516 1617 2620 1699; x_wconf 88' lang='lat' dir='ltr'><strong>ita</strong></span> <span class='ocrx_word' id='word_1_100' title='bbox 2679 1637 2947 1699; x_wconf 79' lang='lat' dir='ltr'><strong>tamen</strong></span> <span class='ocrx_word' id='word_1_101' title='bbox 2982 1674 3004 1714; x_wconf 89' lang='lat'>‚</span> <span class='ocrx_word' id='word_1_102' title='bbox 3061 1635 3154 1695; x_wconf 83' lang='lat' dir='ltr'><strong>ut</strong></span> <span class='ocrx_word' id='word_1_103' title='bbox 3237 1633 3568 1723; x_wconf 87' lang='lat' dir='ltr'><strong>paterna</strong></span> <span class='ocrx_word' id='word_1_104' title='bbox 3619 1605 4070 1728; x_wconf 80' lang='lat' dir='ltr'><strong>quaedam,</strong></span> <span class='ocrx_word' id='word_1_105' title='bbox 4142 1632 4222 1693; x_wconf 92' lang='lat' dir='ltr'><strong>et</strong></span> <span class='ocrx_word' id='word_1_106' title='bbox 4285 1614 4445 1722; x_wconf 83' lang='lat' dir='ltr'><strong>spi-</strong></span> 
     </span>
     <span class='ocr_line' id='line_1_12' title="bbox 1085 1731 4440 1842; baseline 0.002 -29"><span class='ocrx_word' id='word_1_107' title='bbox 1085 1731 1398 1817; x_wconf 87' lang='lat' dir='ltr'><strong>ritualis</strong></span> <span class='ocrx_word' id='word_1_108' title='bbox 1471 1737 1816 1842; x_wconf 81' lang='lat' dir='ltr'><strong>gravitas</strong></span> <span class='ocrx_word' id='word_1_109' title='bbox 1892 1736 1972 1815; x_wconf 91' lang='lat' dir='ltr'><strong>in</strong></span> <span class='ocrx_word' id='word_1_110' title='bbox 2042 1735 2154 1817; x_wconf 88' lang='lat' dir='ltr'><strong>eis</strong></span> <span class='ocrx_word' id='word_1_111' title='bbox 2232 1735 2602 1818; x_wconf 88' lang='lat' dir='ltr'><strong>eluceat.</strong></span> <span class='ocrx_word' id='word_1_112' title='bbox 2666 1733 2999 1816; x_wconf 85' lang='lat' dir='ltr'><strong>Nemini</strong></span> <span class='ocrx_word' id='word_1_113' title='bbox 3071 1755 3345 1816; x_wconf 87' lang='lat' dir='ltr'><strong>antem</strong></span> <span class='ocrx_word' id='word_1_114' title='bbox 3428 1753 3706 1842; x_wconf 88' lang='lat' dir='ltr'><strong>petere</strong></span> <span class='ocrx_word' id='word_1_115' title='bbox 3755 1791 3781 1833; x_wconf 90' lang='lat'><strong>,</strong></span> <span class='ocrx_word' id='word_1_116' title='bbox 3849 1749 3993 1813; x_wconf 86' lang='lat' dir='ltr'><strong>aut</strong></span> <span class='ocrx_word' id='word_1_117' title='bbox 4071 1731 4440 1841; x_wconf 71' lang='lat' dir='ltr'><strong>accipere</strong></span> 
     </span>
     <span class='ocr_line' id='line_1_13' title="bbox 1087 1847 4439 1967; baseline 0.001 -35"><span class='ocrx_word' id='word_1_118' title='bbox 1087 1848 1544 1966; x_wconf 84' lang='lat' dir='ltr'><strong>quidquam</strong></span> <span class='ocrx_word' id='word_1_119' title='bbox 1601 1854 1839 1937; x_wconf 88' lang='lat' dir='ltr'><strong>liceat</strong></span> <span class='ocrx_word' id='word_1_120' title='bbox 1876 1915 1900 1954; x_wconf 91' lang='lat'><strong>,</strong></span> <span class='ocrx_word' id='word_1_121' title='bbox 1948 1855 2119 1935; x_wconf 88' lang='lat' dir='ltr'><strong>sive</strong></span> <span class='ocrx_word' id='word_1_122' title='bbox 2169 1853 2272 1935; x_wconf 87' lang='lat' dir='ltr'><strong>ab</strong></span> <span class='ocrx_word' id='word_1_123' title='bbox 2324 1855 2417 1935; x_wconf 87' lang='lat' dir='ltr'><strong>iis</strong></span> <span class='ocrx_word' id='word_1_124' title='bbox 2448 1915 2472 1957; x_wconf 92' lang='lat'><strong>,</strong></span> <span class='ocrx_word' id='word_1_125' title='bbox 2552 1882 2911 1967; x_wconf 61' lang='lat' dir='ltr'><strong>quorum,</strong></span> <span class='ocrx_word' id='word_1_126' title='bbox 2960 1847 3505 1939; x_wconf 78' lang='lat' dir='ltr'><strong>consessiones</strong></span> <span class='ocrx_word' id='word_1_127' title='bbox 3555 1847 4047 1947; x_wconf 78' lang='lat' dir='ltr'><strong>audiverint,</strong></span> <span class='ocrx_word' id='word_1_128' title='bbox 4110 1851 4285 1955; x_wconf 82' lang='lat' dir='ltr'><strong>sive</strong></span> <span class='ocrx_word' id='word_1_129' title='bbox 4333 1852 4439 1935; x_wconf 86' lang='lat' dir='ltr'><strong>ab</strong></span> 
     </span>
     <span class='ocr_line' id='line_1_14' title="bbox 1081 1965 4431 2087; baseline -0.001 -34"><span class='ocrx_word' id='word_1_130' title='bbox 1081 1971 1313 2074; x_wconf 87' lang='lat' dir='ltr'><strong>aliis,</strong></span> <span class='ocrx_word' id='word_1_131' title='bbox 1381 1967 1606 2087; x_wconf 83' lang='lat' dir='ltr'><strong>qnod</strong></span> <span class='ocrx_word' id='word_1_132' title='bbox 1661 1975 1742 2054; x_wconf 88' lang='lat' dir='ltr'><strong>in</strong></span> <span class='ocrx_word' id='word_1_133' title='bbox 1807 2002 2205 2086; x_wconf 78' lang='lat' dir='ltr'><strong>pauperes</strong></span> <span class='ocrx_word' id='word_1_134' title='bbox 2274 1969 2713 2057; x_wconf 79' lang='lat' dir='ltr'><strong>distribuat</strong></span> <span class='ocrx_word' id='word_1_135' title='bbox 2759 2033 2783 2073; x_wconf 93' lang='lat'><strong>,</strong></span> <span class='ocrx_word' id='word_1_136' title='bbox 2838 1970 2969 2054; x_wconf 89' lang='lat' dir='ltr'><strong>vel</strong></span> <span class='ocrx_word' id='word_1_137' title='bbox 3023 1970 3250 2054; x_wconf 85' lang='lat' dir='ltr'><strong>alteri</strong></span> <span class='ocrx_word' id='word_1_138' title='bbox 3304 1965 3824 2053; x_wconf 83' lang='lat' dir='ltr'><strong>satisfationis</strong></span> <span class='ocrx_word' id='word_1_139' title='bbox 3890 1968 4227 2051; x_wconf 87' lang='lat' dir='ltr'><strong>nomine</strong></span> <span class='ocrx_word' id='word_1_140' title='bbox 4293 1997 4431 2053; x_wconf 82' lang='lat' dir='ltr'><strong>re·-</strong></span> 
     </span>
     <span class='ocr_line' id='line_1_15' title="bbox 1083 2083 4437 2197; baseline -0 -27"><span class='ocrx_word' id='word_1_141' title='bbox 1083 2091 1391 2192; x_wconf 79' lang='lat' dir='ltr'><strong>stimat,</strong></span> <span class='ocrx_word' id='word_1_142' title='bbox 1458 2093 1715 2175; x_wconf 79' lang='lat' dir='ltr'><strong>inscio</strong></span> <span class='ocrx_word' id='word_1_143' title='bbox 1765 2113 1848 2174; x_wconf 88' lang='lat' dir='ltr'><strong>et</strong></span> <span class='ocrx_word' id='word_1_144' title='bbox 1921 2091 2390 2174; x_wconf 83' lang='lat' dir='ltr'><strong>inconsulto</strong></span> <span class='ocrx_word' id='word_1_145' title='bbox 2445 2090 2817 2174; x_wconf 88' lang='lat' dir='ltr'><strong>Abbate.</strong></span> <span class='ocrx_word' id='word_1_146' title='bbox 2883 2088 3074 2171; x_wconf 85' lang='lat' dir='ltr'><strong>Vll.</strong></span> <span class='ocrx_word' id='word_1_147' title='bbox 3133 2088 3301 2197; x_wconf 87' lang='lat' dir='ltr'><strong>Qui</strong></span> <span class='ocrx_word' id='word_1_148' title='bbox 3358 2111 3757 2173; x_wconf 86' lang='lat' dir='ltr'><strong>vocantur</strong></span> <span class='ocrx_word' id='word_1_149' title='bbox 3805 2083 4096 2173; x_wconf 67' lang='lat' dir='ltr'><strong>aid-eos</strong></span> <span class='ocrx_word' id='word_1_150' title='bbox 4147 2091 4437 2197; x_wconf 85' lang='lat' dir='ltr'><strong>juvan-</strong></span> 
     </span>
     <span class='ocr_line' id='line_1_16' title="bbox 1076 2199 4563 2326; baseline 0 -38"><span class='ocrx_word' id='word_1_151' title='bbox 1076 2202 1224 2289; x_wconf 87' lang='lat' dir='ltr'><strong>dos</strong></span> <span class='ocrx_word' id='word_1_152' title='bbox 1262 2268 1284 2311; x_wconf 89' lang='lat'><strong>,</strong></span> <span class='ocrx_word' id='word_1_153' title='bbox 1336 2211 1484 2326; x_wconf 88' lang='lat' dir='ltr'><strong>qui</strong></span> <span class='ocrx_word' id='word_1_154' title='bbox 1536 2213 1778 2295; x_wconf 91' lang='lat' dir='ltr'><strong>morti</strong></span> <span class='ocrx_word' id='word_1_155' title='bbox 1829 2212 2080 2294; x_wconf 87' lang='lat' dir='ltr'><strong>vicini</strong></span> <span class='ocrx_word' id='word_1_156' title='bbox 2133 2230 2386 2313; x_wconf 87' lang='lat' dir='ltr'><strong>sunt,</strong></span> <span class='ocrx_word' id='word_1_157' title='bbox 2436 2241 2525 2295; x_wconf 90' lang='lat' dir='ltr'><strong>ea</strong></span> <span class='ocrx_word' id='word_1_158' title='bbox 2578 2213 2660 2293; x_wconf 91' lang='lat' dir='ltr'><strong>in</strong></span> <span class='ocrx_word' id='word_1_159' title='bbox 2717 2229 3099 2320; x_wconf 88' lang='lat' dir='ltr'><strong>promptu</strong></span> <span class='ocrx_word' id='word_1_160' title='bbox 3154 2207 3513 2292; x_wconf 87' lang='lat' dir='ltr'><strong>habeant</strong></span> <span class='ocrx_word' id='word_1_161' title='bbox 3547 2268 3573 2310; x_wconf 93' lang='lat'><strong>,</strong></span> <span class='ocrx_word' id='word_1_162' title='bbox 3627 2236 3836 2320; x_wconf 87' lang='lat' dir='ltr'><strong>quae</strong></span> <span class='ocrx_word' id='word_1_163' title='bbox 3905 2236 4003 2290; x_wconf 89' lang='lat' dir='ltr'><strong>eo</strong></span> <span class='ocrx_word' id='word_1_164' title='bbox 4071 2227 4438 2317; x_wconf 87' lang='lat' dir='ltr'><strong>tempore</strong></span> <span class='ocrx_word' id='word_1_165' title='bbox 4557 2199 4563 2205; x_wconf 40' lang='lat'>⁴</span> 
     </span>
     <span class='ocr_line' id='line_1_17' title="bbox 1077 2323 4432 2440; baseline -0.001 -32"><span class='ocrx_word' id='word_1_166' title='bbox 1077 2323 1180 2408; x_wconf 80' lang='lat' dir='ltr'><strong>ad</strong></span> <span class='ocrx_word' id='word_1_167' title='bbox 1235 2327 1575 2413; x_wconf 85' lang='lat' dir='ltr'><strong>salutem</strong></span> <span class='ocrx_word' id='word_1_168' title='bbox 1629 2332 2086 2413; x_wconf 84' lang='lat' dir='ltr'><strong>animarum</strong></span> <span class='ocrx_word' id='word_1_169' title='bbox 2136 2332 2320 2411; x_wconf 88' lang='lat' dir='ltr'><strong>usui</strong></span> <span class='ocrx_word' id='word_1_170' title='bbox 2371 2360 2544 2412; x_wconf 85' lang='lat' dir='ltr'><strong>esse</strong></span> <span class='ocrx_word' id='word_1_171' title='bbox 2600 2329 2931 2439; x_wconf 84' lang='lat' dir='ltr'><strong>possint.</strong></span> <span class='ocrx_word' id='word_1_172' title='bbox 3000 2325 3371 2413; x_wconf 89' lang='lat' dir='ltr'><strong>Caveant</strong></span> <span class='ocrx_word' id='word_1_173' title='bbox 3441 2348 3743 2427; x_wconf 88' lang='lat' dir='ltr'><strong>autem,</strong></span> <span class='ocrx_word' id='word_1_174' title='bbox 3804 2354 3905 2407; x_wconf 89' lang='lat' dir='ltr'><strong>ne</strong></span> <span class='ocrx_word' id='word_1_175' title='bbox 3968 2355 4217 2440; x_wconf 88' lang='lat' dir='ltr'><strong>quem</strong></span> <span class='ocrx_word' id='word_1_176' title='bbox 4269 2355 4432 2407; x_wconf 87' lang='lat' dir='ltr'><strong>ser-</strong></span> 
     </span>
     <span class='ocr_line' id='line_1_18' title="bbox 1079 2439 4431 2561; baseline -0.001 -35"><span class='ocrx_word' id='word_1_177' title='bbox 1079 2474 1410 2529; x_wconf 85' lang='lat' dir='ltr'><strong>monem</strong></span> <span class='ocrx_word' id='word_1_178' title='bbox 1457 2444 1563 2533; x_wconf 90' lang='lat' dir='ltr'><strong>de</strong></span> <span class='ocrx_word' id='word_1_179' title='bbox 1614 2448 1794 2532; x_wconf 91' lang='lat' dir='ltr'><strong>loco</strong></span> <span class='ocrx_word' id='word_1_180' title='bbox 1843 2449 2310 2561; x_wconf 86' lang='lat' dir='ltr'><strong>sepulturae</strong></span> <span class='ocrx_word' id='word_1_181' title='bbox 2364 2450 2444 2529; x_wconf 89' lang='lat' dir='ltr'><strong>in</strong></span> <span class='ocrx_word' id='word_1_182' title='bbox 2501 2445 3021 2530; x_wconf 86' lang='lat' dir='ltr'><strong>Coemeterio</strong></span> <span class='ocrx_word' id='word_1_183' title='bbox 3071 2447 3545 2530; x_wconf 87' lang='lat' dir='ltr'><strong>Monasterii</strong></span> <span class='ocrx_word' id='word_1_184' title='bbox 3625 2439 4005 2550; x_wconf 87' lang='lat' dir='ltr'><strong>eligendo</strong></span> <span class='ocrx_word' id='word_1_185' title='bbox 4036 2504 4059 2544; x_wconf 91' lang='lat'><strong>,</strong></span> <span class='ocrx_word' id='word_1_186' title='bbox 4134 2466 4274 2525; x_wconf 85' lang='lat' dir='ltr'><strong>aut</strong></span> <span class='ocrx_word' id='word_1_187' title='bbox 4326 2440 4431 2525; x_wconf 89' lang='lat' dir='ltr'><strong>de</strong></span> 
     </span>
     <span class='ocr_line' id='line_1_19' title="bbox 1072 2558 4420 2682; baseline -0.001 -36"><span class='ocrx_word' id='word_1_188' title='bbox 1072 2558 1571 2652; x_wconf 79' lang='lat' dir='ltr'><strong>haereditate</strong></span> <span class='ocrx_word' id='word_1_189' title='bbox 1616 2628 1642 2673; x_wconf 91' lang='lat'><strong>,</strong></span> <span class='ocrx_word' id='word_1_190' title='bbox 1711 2566 1843 2653; x_wconf 81' lang='lat' dir='ltr'><strong>vel</strong></span> <span class='ocrx_word' id='word_1_191' title='bbox 1907 2568 2420 2678; x_wconf 77' lang='lat' dir='ltr'><strong>eleemosyna</strong></span> <span class='ocrx_word' id='word_1_192' title='bbox 2475 2564 2901 2649; x_wconf 88' lang='lat' dir='ltr'><strong>Monachis</strong></span> <span class='ocrx_word' id='word_1_193' title='bbox 2982 2562 3524 2682; x_wconf 87' lang='lat' dir='ltr'><strong>relinquenda</strong></span> <span class='ocrx_word' id='word_1_194' title='bbox 3614 2560 3940 2645; x_wconf 83' lang='lat' dir='ltr'><strong>infirmo</strong></span> <span class='ocrx_word' id='word_1_195' title='bbox 4018 2564 4420 2646; x_wconf 85' lang='lat' dir='ltr'><strong>iniiciant.</strong></span> 
     </span>
     <span class='ocr_line' id='line_1_20' title="bbox 1071 2679 4432 2800; baseline 0.001 -40"><span class='ocrx_word' id='word_1_196' title='bbox 1071 2679 1296 2766; x_wconf 81' lang='lat' dir='ltr'><strong>Vm.</strong></span> <span class='ocrx_word' id='word_1_197' title='bbox 1383 2682 1651 2770; x_wconf 85' lang='lat' dir='ltr'><strong>Nemo</strong></span> <span class='ocrx_word' id='word_1_198' title='bbox 1723 2717 1819 2771; x_wconf 86' lang='lat' dir='ltr'><strong>ex</strong></span> <span class='ocrx_word' id='word_1_199' title='bbox 1887 2690 2179 2770; x_wconf 85' lang='lat' dir='ltr'><strong>nostris</strong></span> <span class='ocrx_word' id='word_1_200' title='bbox 2261 2684 2367 2787; x_wconf 80' lang='lat' dir='ltr'><strong>ad</strong></span> <span class='ocrx_word' id='word_1_201' title='bbox 2453 2685 2703 2769; x_wconf 87' lang='lat' dir='ltr'><strong>ullam</strong></span> <span class='ocrx_word' id='word_1_202' title='bbox 2769 2682 3540 2800; x_wconf 79' lang='lat' dir='ltr'><strong>Archipresbyteri,</strong></span> <span class='ocrx_word' id='word_1_203' title='bbox 3623 2680 4218 2787; x_wconf 88' lang='lat' dir='ltr'><strong>Periodeutae,</strong></span> <span class='ocrx_word' id='word_1_204' title='bbox 4287 2705 4432 2764; x_wconf 91' lang='lat' dir='ltr'><strong>aut</strong></span> 
     </span>
     <span class='ocr_line' id='line_1_21' title="bbox 1077 2796 4426 2917; baseline 0 -36"><span class='ocrx_word' id='word_1_205' title='bbox 1077 2796 1661 2917; x_wconf 83' lang='lat' dir='ltr'><strong>Chorepiscopi</strong></span> <span class='ocrx_word' id='word_1_206' title='bbox 1745 2803 2230 2915; x_wconf 87' lang='lat' dir='ltr'><strong>dignitatem</strong></span> <span class='ocrx_word' id='word_1_207' title='bbox 2306 2836 2390 2889; x_wconf 86' lang='lat' dir='ltr'><strong>se</strong></span> <span class='ocrx_word' id='word_1_208' title='bbox 2452 2805 2909 2917; x_wconf 88' lang='lat' dir='ltr'><strong>promoveri</strong></span> <span class='ocrx_word' id='word_1_209' title='bbox 2988 2809 3224 2909; x_wconf 86' lang='lat' dir='ltr'><strong>sinat,</strong></span> <span class='ocrx_word' id='word_1_210' title='bbox 3276 2799 3422 2888; x_wconf 89' lang='lat' dir='ltr'><strong>sed</strong></span> <span class='ocrx_word' id='word_1_211' title='bbox 3496 2833 3725 2886; x_wconf 86' lang='lat' dir='ltr'><strong>sacro</strong></span> <span class='ocrx_word' id='word_1_212' title='bbox 3806 2800 4426 2909; x_wconf 72' lang='lat' dir='ltr'><strong>presbyteratus</strong></span> 
     </span>
     <span class='ocr_line' id='line_1_22' title="bbox 1070 2918 4432 3033; baseline 0 -32"><span class='ocrx_word' id='word_1_213' title='bbox 1070 2919 1391 3007; x_wconf 87' lang='lat' dir='ltr'><strong>Ordine</strong></span> <span class='ocrx_word' id='word_1_214' title='bbox 1458 2927 1819 3009; x_wconf 88' lang='lat' dir='ltr'><strong>contenti</strong></span> <span class='ocrx_word' id='word_1_215' title='bbox 1875 2928 2037 3021; x_wconf 66' lang='lat' dir='ltr'><strong>,sint</strong></span> <span class='ocrx_word' id='word_1_216' title='bbox 2098 2954 2382 3009; x_wconf 88' lang='lat' dir='ltr'><strong>omnes</strong></span> <span class='ocrx_word' id='word_1_217' title='bbox 2448 2925 2712 3033; x_wconf 40' lang='lat' dir='ltr'><strong>,etiam</strong></span> <span class='ocrx_word' id='word_1_218' title='bbox 2788 2921 3177 3010; x_wconf 79' lang='lat' dir='ltr'><strong>Abbates.</strong></span> <span class='ocrx_word' id='word_1_219' title='bbox 3249 2925 3329 3008; x_wconf 91' lang='lat' dir='ltr'><strong>Si</strong></span> <span class='ocrx_word' id='word_1_220' title='bbox 3393 2952 3588 3006; x_wconf 82' lang='lat' dir='ltr'><strong>vero</strong></span> <span class='ocrx_word' id='word_1_221' title='bbox 3669 2918 4432 3006; x_wconf 81' lang='lat' dir='ltr'><strong>Reverendissimns</strong></span> 
     </span>
     <span class='ocr_line' id='line_1_23' title="bbox 1063 3035 4431 3143; baseline 0.001 -23"><span class='ocrx_word' id='word_1_222' title='bbox 1063 3035 1480 3125; x_wconf 83' lang='lat' dir='ltr'><strong>Dominus</strong></span> <span class='ocrx_word' id='word_1_223' title='bbox 1531 3040 1998 3129; x_wconf 76' lang='lat' dir='ltr'><strong>patriarcha</strong></span> <span class='ocrx_word' id='word_1_224' title='bbox 2049 3042 2406 3130; x_wconf 73' lang='lat' dir='ltr'><strong>voluerit</strong></span> <span class='ocrx_word' id='word_1_225' title='bbox 2469 3042 2833 3137; x_wconf 69' lang='lat' dir='ltr'><strong>Abbates</strong></span> <span class='ocrx_word' id='word_1_226' title='bbox 2900 3041 3391 3130; x_wconf 82' lang='lat' dir='ltr'><strong>benedicere</strong></span> <span class='ocrx_word' id='word_1_227' title='bbox 3427 3105 3454 3143; x_wconf 89' lang='lat'><strong>,</strong></span> <span class='ocrx_word' id='word_1_228' title='bbox 3507 3070 3688 3127; x_wconf 85' lang='lat' dir='ltr'><strong>eam</strong></span> <span class='ocrx_word' id='word_1_229' title='bbox 3764 3036 4431 3126; x_wconf 80' lang='lat' dir='ltr'><strong>benedictionem</strong></span> 
     </span>
     <span class='ocr_line' id='line_1_24' title="bbox 1071 3161 2024 3272; baseline 0.006 -34"><span class='ocrx_word' id='word_1_230' title='bbox 1071 3161 1431 3271; x_wconf 82' lang='lat' dir='ltr'><strong>recipere</strong></span> <span class='ocrx_word' id='word_1_231' title='bbox 1483 3182 1892 3272; x_wconf 84' lang='lat' dir='ltr'><strong>poterunt.</strong></span> <span class='ocrx_word' id='word_1_232' title='bbox 2017 3205 2024 3213; x_wconf 90' lang='lat'><strong>·</strong></span> 
     </span>
    </p>
   </div>
   <div class='ocr_carea' id='block_1_2' title="bbox 2204 3354 3257 3737">
    <p class='ocr_par' dir='ltr' id='par_1_3' title="bbox 2204 3354 3257 3737">
     <span class='ocr_line' id='line_1_25' title="bbox 2434 3354 3076 3491; baseline -0.005 -2"><span class='ocrx_word' id='word_1_233' title='bbox 2434 3403 2504 3489; x_wconf 88' lang='lat' dir='ltr'>c</span> <span class='ocrx_word' id='word_1_234' title='bbox 2573 3403 2645 3483; x_wconf 86' lang='lat' dir='ltr'><strong>A</strong></span> <span class='ocrx_word' id='word_1_235' title='bbox 2715 3402 2803 3485; x_wconf 87' lang='lat' dir='ltr'><strong>P.</strong></span> <span class='ocrx_word' id='word_1_236' title='bbox 2920 3354 3076 3491; x_wconf 66' lang='grc' dir='ltr'><strong>Ἢ.</strong></span> 
     </span>
     <span class='ocr_line' id='line_1_26' title="bbox 2204 3642 3257 3737; baseline -0.001 -11"><span class='ocrx_word' id='word_1_237' title='bbox 2204 3644 2341 3726; x_wconf 86' lang='lat' dir='ltr'><strong>De</strong></span> <span class='ocrx_word' id='word_1_238' title='bbox 2413 3642 2871 3737; x_wconf 69' lang='lat' dir='ltr'><strong>fllonaehis</strong></span> <span class='ocrx_word' id='word_1_239' title='bbox 2942 3642 3257 3727; x_wconf 80' lang='lat' dir='ltr'><strong>Laicis.</strong></span> 
     </span>
    </p>
   </div>
   <div class='ocr_carea' id='block_1_3' title="bbox 1017 3878 4420 5676">
    <p class='ocr_par' dir='ltr' id='par_1_4' title="bbox 1017 3878 4420 5676">
     <span class='ocr_line' id='line_1_27' title="bbox 1185 3878 4420 3997; baseline 0.001 -35"><span class='ocrx_word' id='word_1_240' title='bbox 1185 3879 1245 3962; x_wconf 93' lang='grc' dir='ltr'><strong>Ι.</strong></span> <span class='ocrx_word' id='word_1_241' title='bbox 1316 3878 1788 3990; x_wconf 82' lang='lat' dir='ltr'><strong>Intelligant</strong></span> <span class='ocrx_word' id='word_1_242' title='bbox 1838 3912 2123 3966; x_wconf 85' lang='lat' dir='ltr'><strong>omnes</strong></span> <span class='ocrx_word' id='word_1_243' title='bbox 2171 3883 2659 3997; x_wconf 87' lang='lat' dir='ltr'><strong>primarium</strong></span> <span class='ocrx_word' id='word_1_244' title='bbox 2719 3883 3167 3967; x_wconf 85' lang='lat' dir='ltr'><strong>vocationis</strong></span> <span class='ocrx_word' id='word_1_245' title='bbox 3217 3881 3720 3967; x_wconf 84' lang='lat' dir='ltr'><strong>Monasticae</strong></span> <span class='ocrx_word' id='word_1_246' title='bbox 3768 3879 4019 3967; x_wconf 83' lang='lat' dir='ltr'><strong>finem</strong></span> <span class='ocrx_word' id='word_1_247' title='bbox 4074 3911 4245 3966; x_wconf 83' lang='lat' dir='ltr'><strong>esse</strong></span> <span class='ocrx_word' id='word_1_248' title='bbox 4296 3882 4420 3966; x_wconf 87' lang='lat' dir='ltr'><strong>in-</strong></span> 
     </span>
     <span class='ocr_line' id='line_1_28' title="bbox 1059 3994 4417 4116; baseline 0 -34"><span class='ocrx_word' id='word_1_249' title='bbox 1059 4002 1361 4085; x_wconf 82' lang='lat' dir='ltr'><strong>servire</strong></span> <span class='ocrx_word' id='word_1_250' title='bbox 1410 3998 1764 4089; x_wconf 81' lang='lat' dir='ltr'><strong>Divinae</strong></span> <span class='ocrx_word' id='word_1_251' title='bbox 1813 4000 2250 4113; x_wconf 77' lang='lat' dir='ltr'><strong>Majestati,</strong></span> <span class='ocrx_word' id='word_1_252' title='bbox 2316 4026 2398 4087; x_wconf 83' lang='lat' dir='ltr'><strong>et</strong></span> <span class='ocrx_word' id='word_1_253' title='bbox 2446 4003 2852 4113; x_wconf 83' lang='lat' dir='ltr'><strong>propriam</strong></span> <span class='ocrx_word' id='word_1_254' title='bbox 2905 4001 3248 4109; x_wconf 79' lang='lat' dir='ltr'><strong>salutem</strong></span> <span class='ocrx_word' id='word_1_255' title='bbox 3302 4031 3779 4113; x_wconf 80' lang='lat' dir='ltr'><strong>procurare,</strong></span> <span class='ocrx_word' id='word_1_256' title='bbox 3834 3994 4210 4116; x_wconf 83' lang='lat' dir='ltr'><strong>illudque</strong></span> <span class='ocrx_word' id='word_1_257' title='bbox 4260 4003 4417 4085; x_wconf 82' lang='lat' dir='ltr'><strong>mi·</strong></span> 
     </span>
     <span class='ocr_line' id='line_1_29' title="bbox 1057 4117 4406 4237; baseline -0.001 -32"><span class='ocrx_word' id='word_1_258' title='bbox 1057 4122 1481 4207; x_wconf 81' lang='lat' dir='ltr'><strong>nisterium</strong></span> <span class='ocrx_word' id='word_1_259' title='bbox 1534 4119 1761 4207; x_wconf 87' lang='lat' dir='ltr'><strong>obire</strong></span> <span class='ocrx_word' id='word_1_260' title='bbox 1810 4184 1832 4221; x_wconf 88' lang='lat'>‚</span> <span class='ocrx_word' id='word_1_261' title='bbox 1900 4119 2124 4237; x_wconf 83' lang='lat' dir='ltr'><strong>qnod</strong></span> <span class='ocrx_word' id='word_1_262' title='bbox 2179 4154 2273 4207; x_wconf 84' lang='lat' dir='ltr'><strong>ex</strong></span> <span class='ocrx_word' id='word_1_263' title='bbox 2348 4117 2819 4207; x_wconf 85' lang='lat' dir='ltr'><strong>obedientia</strong></span> <span class='ocrx_word' id='word_1_264' title='bbox 2876 4121 3609 4227; x_wconf 65' lang='lat' dir='ltr'><strong>sibicommissum</strong></span> <span class='ocrx_word' id='word_1_265' title='bbox 3661 4120 3931 4205; x_wconf 85' lang='lat' dir='ltr'><strong>fuerit.</strong></span> <span class='ocrx_word' id='word_1_266' title='bbox 3996 4118 4406 4233; x_wconf 73' lang='lat' dir='ltr'><strong>Contenti</strong></span> 
     </span>
     <span class='ocr_line' id='line_1_30' title="bbox 1060 4236 4409 4357; baseline 0.001 -34"><span class='ocrx_word' id='word_1_267' title='bbox 1060 4267 1251 4348; x_wconf 82' lang='lat' dir='ltr'><strong>ergo</strong></span> <span class='ocrx_word' id='word_1_268' title='bbox 1299 4258 1511 4325; x_wconf 83' lang='lat' dir='ltr'><strong>statu</strong></span> <span class='ocrx_word' id='word_1_269' title='bbox 1568 4240 1884 4344; x_wconf 85' lang='lat' dir='ltr'><strong>laicali,</strong></span> <span class='ocrx_word' id='word_1_270' title='bbox 1949 4236 2054 4322; x_wconf 88' lang='lat' dir='ltr'><strong>ad</strong></span> <span class='ocrx_word' id='word_1_271' title='bbox 2116 4272 2363 4357; x_wconf 86' lang='lat' dir='ltr'><strong>quem</strong></span> <span class='ocrx_word' id='word_1_272' title='bbox 2419 4243 2633 4352; x_wconf 84' lang='lat' dir='ltr'><strong>ipsos</strong></span> <span class='ocrx_word' id='word_1_273' title='bbox 2702 4238 2982 4321; x_wconf 84' lang='lat' dir='ltr'><strong>Abbas</strong></span> <span class='ocrx_word' id='word_1_274' title='bbox 3019 4301 3043 4343; x_wconf 90' lang='lat'><strong>,</strong></span> <span class='ocrx_word' id='word_1_275' title='bbox 3109 4263 3191 4323; x_wconf 88' lang='lat' dir='ltr'><strong>et</strong></span> <span class='ocrx_word' id='word_1_276' title='bbox 3256 4239 3861 4353; x_wconf 84' lang='lat' dir='ltr'><strong>Monaohorum</strong></span> <span class='ocrx_word' id='word_1_277' title='bbox 3941 4242 4409 4353; x_wconf 74' lang='lat' dir='ltr'><strong>Congrege-</strong></span> 
     </span>
     <span class='ocr_line' id='line_1_31' title="bbox 1057 4355 4409 4474; baseline 0.001 -34"><span class='ocrx_word' id='word_1_278' title='bbox 1057 4360 1170 4441; x_wconf 88' lang='lat' dir='ltr'><strong>tio</strong></span> <span class='ocrx_word' id='word_1_279' title='bbox 1227 4355 1782 4459; x_wconf 83' lang='lat' dir='ltr'><strong>destinaverit,</strong></span> <span class='ocrx_word' id='word_1_280' title='bbox 1833 4381 1917 4443; x_wconf 90' lang='lat' dir='ltr'><strong>et</strong></span> <span class='ocrx_word' id='word_1_281' title='bbox 1965 4362 2046 4443; x_wconf 88' lang='lat' dir='ltr'><strong>in</strong></span> <span class='ocrx_word' id='word_1_282' title='bbox 2100 4362 2596 4474; x_wconf 82' lang='lat' dir='ltr'><strong>praescripto</strong></span> <span class='ocrx_word' id='word_1_283' title='bbox 2640 4357 2798 4445; x_wconf 81' lang='lat' dir='ltr'><strong>sibi</strong></span> <span class='ocrx_word' id='word_1_284' title='bbox 2857 4361 3300 4467; x_wconf 83' lang='lat' dir='ltr'><strong>ministerio</strong></span> <span class='ocrx_word' id='word_1_285' title='bbox 3363 4362 3478 4442; x_wconf 84' lang='lat' dir='ltr'><strong>sic</strong></span> <span class='ocrx_word' id='word_1_286' title='bbox 3549 4362 3793 4444; x_wconf 86' lang='lat' dir='ltr'><strong>vitam</strong></span> <span class='ocrx_word' id='word_1_287' title='bbox 3849 4390 4179 4443; x_wconf 88' lang='lat' dir='ltr'><strong>omnem</strong></span> <span class='ocrx_word' id='word_1_288' title='bbox 4241 4362 4409 4443; x_wconf 79' lang='lat' dir='ltr'><strong>exi-</strong></span> 
     </span>
     <span class='ocr_line' id='line_1_32' title="bbox 1047 4476 4403 4592; baseline 0.001 -35"><span class='ocrx_word' id='word_1_289' title='bbox 1047 4499 1271 4582; x_wconf 83' lang='lat' dir='ltr'><strong>gant,</strong></span> <span class='ocrx_word' id='word_1_290' title='bbox 1328 4499 1428 4571; x_wconf 79' lang='lat' dir='ltr'><strong>ut</strong></span> <span class='ocrx_word' id='word_1_291' title='bbox 1469 4477 1620 4561; x_wconf 80' lang='lat' dir='ltr'><strong>sibi</strong></span> <span class='ocrx_word' id='word_1_292' title='bbox 1674 4476 2220 4590; x_wconf 80' lang='lat' dir='ltr'><strong>persuadeant</strong></span> <span class='ocrx_word' id='word_1_293' title='bbox 2259 4511 2344 4564; x_wconf 84' lang='lat' dir='ltr'><strong>se</strong></span> <span class='ocrx_word' id='word_1_294' title='bbox 2393 4482 2473 4561; x_wconf 89' lang='lat' dir='ltr'><strong>in</strong></span> <span class='ocrx_word' id='word_1_295' title='bbox 2539 4509 2631 4561; x_wconf 87' lang='lat' dir='ltr'><strong>ea</strong></span> <span class='ocrx_word' id='word_1_296' title='bbox 2684 4508 2769 4561; x_wconf 87' lang='lat' dir='ltr'><strong>re</strong></span> <span class='ocrx_word' id='word_1_297' title='bbox 2819 4477 3307 4592; x_wconf 84' lang='lat' dir='ltr'><strong>obsequium</strong></span> <span class='ocrx_word' id='word_1_298' title='bbox 3371 4502 3773 4591; x_wconf 84' lang='lat' dir='ltr'><strong>praestare</strong></span> <span class='ocrx_word' id='word_1_299' title='bbox 3818 4477 4235 4582; x_wconf 87' lang='lat' dir='ltr'><strong>Creatori,</strong></span> <span class='ocrx_word' id='word_1_300' title='bbox 4289 4476 4403 4562; x_wconf 92' lang='lat' dir='ltr'><strong>ob</strong></span> 
     </span>
     <span class='ocr_line' id='line_1_33' title="bbox 1019 4593 4400 4709; baseline 0.004 -38"><span class='ocrx_word' id='word_1_301' title='bbox 1019 4598 1290 4705; x_wconf 78' lang='lat' dir='ltr'><strong>‚eujus</strong></span> <span class='ocrx_word' id='word_1_302' title='bbox 1340 4624 1696 4681; x_wconf 86' lang='lat' dir='ltr'><strong>amorem</strong></span> <span class='ocrx_word' id='word_1_303' title='bbox 1749 4595 2075 4682; x_wconf 86' lang='lat' dir='ltr'><strong>schema</strong></span> <span class='ocrx_word' id='word_1_304' title='bbox 2125 4601 2669 4685; x_wconf 82' lang='lat' dir='ltr'><strong>monasticum</strong></span> <span class='ocrx_word' id='word_1_305' title='bbox 2756 4593 3228 4683; x_wconf 83' lang='lat' dir='ltr'><strong>induerunt.</strong></span> <span class='ocrx_word' id='word_1_306' title='bbox 3295 4595 3402 4679; x_wconf 82' lang='lat'><strong>11.</strong></span> <span class='ocrx_word' id='word_1_307' title='bbox 3487 4598 3659 4707; x_wconf 87' lang='lat' dir='ltr'><strong>Qui</strong></span> <span class='ocrx_word' id='word_1_308' title='bbox 3708 4598 4036 4709; x_wconf 78' lang='lat' dir='ltr'><strong>Syriaco</strong></span> <span class='ocrx_word' id='word_1_309' title='bbox 4088 4598 4400 4708; x_wconf 84' lang='lat' dir='ltr'><strong>legere,</strong></span> 
     </span>
     <span class='ocr_line' id='line_1_34' title="bbox 1045 4713 4399 4833; baseline 0.002 -38"><span class='ocrx_word' id='word_1_310' title='bbox 1045 4735 1128 4795; x_wconf 89' lang='lat' dir='ltr'><strong>et</strong></span> <span class='ocrx_word' id='word_1_311' title='bbox 1179 4744 1469 4801; x_wconf 84' lang='lat' dir='ltr'><strong>canere</strong></span> <span class='ocrx_word' id='word_1_312' title='bbox 1521 4739 1852 4820; x_wconf 90' lang='lat' dir='ltr'><strong>norunt,</strong></span> <span class='ocrx_word' id='word_1_313' title='bbox 1884 4713 2162 4800; x_wconf 87' lang='lat' dir='ltr'><strong>divina</strong></span> <span class='ocrx_word' id='word_1_314' title='bbox 2216 4715 2516 4803; x_wconf 84' lang='lat' dir='ltr'><strong>Officia</strong></span> <span class='ocrx_word' id='word_1_315' title='bbox 2558 4720 2640 4801; x_wconf 89' lang='lat' dir='ltr'><strong>in</strong></span> <span class='ocrx_word' id='word_1_316' title='bbox 2696 4714 2975 4800; x_wconf 89' lang='lat' dir='ltr'><strong>Choro</strong></span> <span class='ocrx_word' id='word_1_317' title='bbox 3024 4720 3339 4803; x_wconf 80' lang='lat' dir='ltr'><strong>statutis</strong></span> <span class='ocrx_word' id='word_1_318' title='bbox 3388 4716 3610 4803; x_wconf 89' lang='lat' dir='ltr'><strong>horis</strong></span> <span class='ocrx_word' id='word_1_319' title='bbox 3640 4748 3831 4805; x_wconf 87' lang='lat' dir='ltr'><strong>cum</strong></span> <span class='ocrx_word' id='word_1_320' title='bbox 3882 4720 4169 4803; x_wconf 86' lang='lat' dir='ltr'><strong>ceteris</strong></span> <span class='ocrx_word' id='word_1_321' title='bbox 4221 4749 4399 4833; x_wconf 83' lang='lat' dir='ltr'><strong>per·</strong></span> 
     </span>
     <span class='ocr_line' id='line_1_35' title="bbox 1017 4832 4401 4942; baseline 0.002 -27"><span class='ocrx_word' id='word_1_322' title='bbox 1017 4832 1393 4934; x_wconf 51' lang='lat' dir='ltr'><strong>solvant.</strong></span> <span class='ocrx_word' id='word_1_323' title='bbox 1449 4834 1619 4942; x_wconf 87' lang='lat' dir='ltr'><strong>Qui</strong></span> <span class='ocrx_word' id='word_1_324' title='bbox 1661 4864 1855 4920; x_wconf 91' lang='lat' dir='ltr'><strong>vero</strong></span> <span class='ocrx_word' id='word_1_325' title='bbox 1905 4837 2261 4923; x_wconf 86' lang='lat' dir='ltr'><strong>Arabice</strong></span> <span class='ocrx_word' id='word_1_326' title='bbox 2313 4861 2663 4940; x_wconf 87' lang='lat' dir='ltr'><strong>tantum,</strong></span> <span class='ocrx_word' id='word_1_327' title='bbox 2691 4837 2929 4921; x_wconf 87' lang='lat' dir='ltr'><strong>horas</strong></span> <span class='ocrx_word' id='word_1_328' title='bbox 2962 4833 3338 4939; x_wconf 71' lang='lat' dir='ltr'><strong>diurnas,</strong></span> <span class='ocrx_word' id='word_1_329' title='bbox 3377 4860 3460 4923; x_wconf 88' lang='lat' dir='ltr'><strong>et</strong></span> <span class='ocrx_word' id='word_1_330' title='bbox 3513 4861 3951 4923; x_wconf 79' lang='lat' dir='ltr'><strong>nocturnas</strong></span> <span class='ocrx_word' id='word_1_331' title='bbox 4002 4833 4109 4927; x_wconf 90' lang='lat' dir='ltr'><strong>ad</strong></span> <span class='ocrx_word' id='word_1_332' title='bbox 4161 4868 4401 4923; x_wconf 87' lang='lat' dir='ltr'><strong>usum</strong></span> 
     </span>
     <span class='ocr_line' id='line_1_36' title="bbox 1048 4948 4399 5071; baseline 0.004 -39"><span class='ocrx_word' id='word_1_333' title='bbox 1048 4951 1442 5039; x_wconf 84' lang='lat' dir='ltr'><strong>laicorum</strong></span> <span class='ocrx_word' id='word_1_334' title='bbox 1497 4956 1982 5066; x_wconf 82' lang='lat' dir='ltr'><strong>compositas</strong></span> <span class='ocrx_word' id='word_1_335' title='bbox 2059 4957 2355 5066; x_wconf 79' lang='lat' dir='ltr'><strong>legant.</strong></span> <span class='ocrx_word' id='word_1_336' title='bbox 2439 4956 2609 5063; x_wconf 89' lang='lat' dir='ltr'><strong>Qui</strong></span> <span class='ocrx_word' id='word_1_337' title='bbox 2675 4977 2948 5044; x_wconf 82' lang='lat' dir='ltr'><strong>antem</strong></span> <span class='ocrx_word' id='word_1_338' title='bbox 3001 4956 3270 5067; x_wconf 85' lang='lat' dir='ltr'><strong>legere</strong></span> <span class='ocrx_word' id='word_1_339' title='bbox 3338 4948 3768 5060; x_wconf 75' lang='lat' dir='ltr'><strong>nesciunt,</strong></span> <span class='ocrx_word' id='word_1_340' title='bbox 3848 4981 4164 5041; x_wconf 86' lang='lat' dir='ltr'><strong>certum</strong></span> <span class='ocrx_word' id='word_1_341' title='bbox 4219 4988 4399 5071; x_wconf 87' lang='lat' dir='ltr'><strong>pre·</strong></span> 
     </span>
     <span class='ocr_line' id='line_1_37' title="bbox 1041 5072 4401 5191; baseline 0.001 -34"><span class='ocrx_word' id='word_1_342' title='bbox 1041 5102 1232 5165; x_wconf 85' lang='lat' dir='ltr'><strong>enm</strong></span> <span class='ocrx_word' id='word_1_343' title='bbox 1271 5132 1293 5177; x_wconf 89' lang='lat'><strong>,</strong></span> <span class='ocrx_word' id='word_1_344' title='bbox 1350 5096 1431 5159; x_wconf 85' lang='lat' dir='ltr'><strong>et</strong></span> <span class='ocrx_word' id='word_1_345' title='bbox 1481 5072 1991 5159; x_wconf 84' lang='lat' dir='ltr'><strong>Psalmorum</strong></span> <span class='ocrx_word' id='word_1_346' title='bbox 2033 5100 2483 5171; x_wconf 81' lang='lat' dir='ltr'><strong>‘nnmerum</strong></span> <span class='ocrx_word' id='word_1_347' title='bbox 2549 5076 2653 5159; x_wconf 90' lang='lat' dir='ltr'><strong>ab</strong></span> <span class='ocrx_word' id='word_1_348' title='bbox 2704 5075 3033 5183; x_wconf 72' lang='lat' dir='ltr'><strong>Abbate</strong></span> <span class='ocrx_word' id='word_1_349' title='bbox 3082 5076 3238 5159; x_wconf 91' lang='lat' dir='ltr'><strong>sibi</strong></span> <span class='ocrx_word' id='word_1_350' title='bbox 3299 5078 3886 5191; x_wconf 72' lang='lat' dir='ltr'><strong>praescriptum</strong></span> <span class='ocrx_word' id='word_1_351' title='bbox 3953 5073 4059 5161; x_wconf 89' lang='lat' dir='ltr'><strong>ad</strong></span> <span class='ocrx_word' id='word_1_352' title='bbox 4124 5078 4401 5185; x_wconf 84' lang='lat' dir='ltr'><strong>singu-</strong></span> 
     </span>
     <span class='ocr_line' id='line_1_38' title="bbox 1038 5186 4395 5309; baseline 0.001 -35"><span class='ocrx_word' id='word_1_353' title='bbox 1038 5190 1153 5275; x_wconf 88' lang='lat' dir='ltr'><strong>las</strong></span> <span class='ocrx_word' id='word_1_354' title='bbox 1224 5186 1463 5279; x_wconf 77' lang='lat' dir='ltr'><strong>horas</strong></span> <span class='ocrx_word' id='word_1_355' title='bbox 1513 5197 1988 5281; x_wconf 74' lang='lat' dir='ltr'><strong>memoriter</strong></span> <span class='ocrx_word' id='word_1_356' title='bbox 2039 5200 2376 5283; x_wconf 84' lang='lat' dir='ltr'><strong>recitare</strong></span> <span class='ocrx_word' id='word_1_357' title='bbox 2427 5194 2771 5293; x_wconf 84' lang='lat' dir='ltr'><strong>discant.</strong></span> <span class='ocrx_word' id='word_1_358' title='bbox 2840 5194 3029 5302; x_wconf 85' lang='lat' dir='ltr'><strong>Qua</strong></span> <span class='ocrx_word' id='word_1_359' title='bbox 3081 5198 3166 5278; x_wconf 88' lang='lat' dir='ltr'><strong>in</strong></span> <span class='ocrx_word' id='word_1_360' title='bbox 3202 5227 3327 5280; x_wconf 86' lang='lat' dir='ltr'><strong>.re</strong></span> <span class='ocrx_word' id='word_1_361' title='bbox 3390 5192 3818 5309; x_wconf 82' lang='lat' dir='ltr'><strong>ministerii</strong></span> <span class='ocrx_word' id='word_1_362' title='bbox 3869 5199 4395 5309; x_wconf 79' lang='lat' dir='ltr'><strong>uniuscujus-</strong></span> 
     </span>
     <span class='ocr_line' id='line_1_39' title="bbox 1035 5311 4389 5433; baseline 0.003 -40"><span class='ocrx_word' id='word_1_363' title='bbox 1035 5339 1201 5425; x_wconf 87' lang='lat' dir='ltr'><strong>que</strong></span> <span class='ocrx_word' id='word_1_364' title='bbox 1256 5313 1456 5396; x_wconf 89' lang='lat' dir='ltr'><strong>ratio</strong></span> <span class='ocrx_word' id='word_1_365' title='bbox 1505 5311 1999 5422; x_wconf 84' lang='lat' dir='ltr'><strong>habebitur,</strong></span> <span class='ocrx_word' id='word_1_366' title='bbox 2054 5347 2148 5401; x_wconf 89' lang='lat' dir='ltr'><strong>ac</strong></span> <span class='ocrx_word' id='word_1_367' title='bbox 2197 5319 2671 5429; x_wconf 86' lang='lat' dir='ltr'><strong>praesertim</strong></span> <span class='ocrx_word' id='word_1_368' title='bbox 2738 5345 3022 5403; x_wconf 85' lang='lat' dir='ltr'><strong>eorum</strong></span> <span class='ocrx_word' id='word_1_369' title='bbox 3077 5319 3221 5433; x_wconf 84' lang='lat' dir='ltr'><strong>qni</strong></span> <span class='ocrx_word' id='word_1_370' title='bbox 3282 5318 3367 5399; x_wconf 87' lang='lat' dir='ltr'><strong>in</strong></span> <span class='ocrx_word' id='word_1_371' title='bbox 3418 5316 3838 5403; x_wconf 79' lang='lat' dir='ltr'><strong>laboriosis</strong></span> <span class='ocrx_word' id='word_1_372' title='bbox 3887 5319 4389 5403; x_wconf 67' lang='lat' dir='ltr'><strong>exercitatio-</strong></span> 
     </span>
     <span class='ocr_line' id='line_1_40' title="bbox 1033 5429 4390 5552; baseline 0.004 -40"><span class='ocrx_word' id='word_1_373' title='bbox 1033 5429 1280 5514; x_wconf 82' lang='lat' dir='ltr'><strong>nibus</strong></span> <span class='ocrx_word' id='word_1_374' title='bbox 1331 5455 1866 5545; x_wconf 85' lang='lat' dir='ltr'><strong>occupantur,</strong></span> <span class='ocrx_word' id='word_1_375' title='bbox 1921 5437 2234 5552; x_wconf 87' lang='lat' dir='ltr'><strong>quique</strong></span> <span class='ocrx_word' id='word_1_376' title='bbox 2283 5432 2415 5521; x_wconf 85' lang='lat' dir='ltr'><strong>vel</strong></span> <span class='ocrx_word' id='word_1_377' title='bbox 2454 5438 2712 5547; x_wconf 86' lang='lat' dir='ltr'><strong>prima</strong></span> <span class='ocrx_word' id='word_1_378' title='bbox 2763 5436 2949 5521; x_wconf 88' lang='lat' dir='ltr'><strong>luce</strong></span> <span class='ocrx_word' id='word_1_379' title='bbox 2984 5435 3495 5523; x_wconf 66' lang='lat' dir='ltr'><strong>Jl‘lonasterio</strong></span> <span class='ocrx_word' id='word_1_380' title='bbox 3544 5434 3651 5521; x_wconf 88' lang='lat' dir='ltr'><strong>ad</strong></span> <span class='ocrx_word' id='word_1_381' title='bbox 3699 5467 3904 5549; x_wconf 81' lang='lat' dir='ltr'><strong>opus</strong></span> <span class='ocrx_word' id='word_1_382' title='bbox 3952 5432 4390 5547; x_wconf 81' lang='lat' dir='ltr'><strong>egrediun-</strong></span> 
     </span>
     <span class='ocr_line' id='line_1_41' title="bbox 1032 5551 4397 5676; baseline 0.003 -42"><span class='ocrx_word' id='word_1_383' title='bbox 1032 5572 1195 5657; x_wconf 86' lang='lat' dir='ltr'><strong>tur,</strong></span> <span class='ocrx_word' id='word_1_384' title='bbox 1255 5551 1384 5643; x_wconf 85' lang='lat' dir='ltr'><strong>vel</strong></span> <span class='ocrx_word' id='word_1_385' title='bbox 1438 5583 1694 5669; x_wconf 86' lang='lat' dir='ltr'><strong>usque</strong></span> <span class='ocrx_word' id='word_1_386' title='bbox 1741 5551 1852 5640; x_wconf 85' lang='lat' dir='ltr'><strong>ad</strong></span> <span class='ocrx_word' id='word_1_387' title='bbox 1893 5584 2324 5672; x_wconf 76' lang='lat' dir='ltr'><strong>&#39;vesperam</strong></span> <span class='ocrx_word' id='word_1_388' title='bbox 2377 5553 2696 5665; x_wconf 87' lang='lat' dir='ltr'><strong>regredi</strong></span> <span class='ocrx_word' id='word_1_389' title='bbox 2759 5575 3241 5676; x_wconf 81' lang='lat' dir='ltr'><strong>nequeunt:</strong></span> <span class='ocrx_word' id='word_1_390' title='bbox 3311 5554 3436 5641; x_wconf 83' lang='lat' dir='ltr'><strong>his</strong></span> <span class='ocrx_word' id='word_1_391' title='bbox 3486 5560 3713 5643; x_wconf 87' lang='lat' dir='ltr'><strong>enim</strong></span> <span class='ocrx_word' id='word_1_392' title='bbox 3771 5555 4161 5645; x_wconf 80' lang='lat' dir='ltr'><strong>horarum</strong></span> <span class='ocrx_word' id='word_1_393' title='bbox 4209 5557 4397 5645; x_wconf 90' lang='grc'>1000</span> 
     </span>
    </p>
   </div>
  </div>
 </body>
</html>
