4834 6409
1027 472 1204 559 336

1033 617 1216 679 tum
1267 587 1371 675 ad
1452 586 1694 673 cellas
1769 617 1952 672 suas
2005 584 2381 672 abibunt.
2446 583 2542 668 In
2603 583 2851 669 Festo
2901 607 3180 669 autem
3248 581 3670 677 paschatis
3712 572 4449 668 ·Resurrectioni‘s4·

1038 735 1118 797 et
1170 716 1254 795 in
1320 709 1563 794 Festo
1614 706 2082 792 Nativitatis
2142 707 2486 790 Domini
2536 703 2867 791 debent
2901 736 3185 789 omnes
3223 706 3644 790 Eremitae
3696 724 3862 784 tam
3919 692 4425 823 Sacerdotes,

1038 862 1290 949 quam
1343 860 1532 912 non³
1564 826 2044 913 Sacerdotes
2093 892 2122 932 ,
2185 824 2291 910 ad
2345 825 2804 908 Ecclesiam
2872 825 3350 913 Monasterii
3416 819 3809 908 accedere
3844 882 3869 927 ,
3934 816 4425 936 ibique-Di-

1033 956 1330 1038 vinum
1405 945 1804 1033 Officium
1864 980 2055 1032 cum
2120 943 2551 1032 Monachis
2605 943 3073 1046 celebrare,
3109 967 3193 1029 et
3240 946 3575 1029 Missam
3630 934 3943 1044 dicere,
3996 940 4129 1025 vel
4183 935 4435 1023 audi-

1036 1103 1182 1157 re:
1253 1093 1430 1153 tum
1498 1071 1560 1151 si
1617 1069 2054 1171 voluerint,
2123 1089 2519 1181 poterunt
2572 1068 2651 1147 in
2711 1064 3149 1148 communi
3190 1064 3653 1150 Refectorio
3702 1062 3985 1146 cibum
4038 1087 4418 1142 sumere:

1039 1188 1418 1307 alioquin
1463 1193 1805 1300 peractis
1869 1188 2194 1271 Divinis
2248 1184 2598 1288 Officiis,
2651 1208 2735 1269 et
2782 1185 3129 1269 salutato
3168 1187 3464 1270 Altare
3497 1247 3520 1289 ,
3581 1182 3664 1266 in
3720 1182 3965 1267 cellas
4015 1208 4201 1263 suas
4250 1209 4432 1293 per·
4476 1265 4487 1269 ,

1036 1334 1255 1420 gent.
1327 1308 1484 1390 III.
1550 1307 1809 1403 Curet
1879 1308 2160 1391 Abbas
2233 1306 2769 1409 Monasterii,
2824 1335 3039 1420 quae
3090 1308 3301 1390 circa
3357 1306 3536 1391 illos
3588 1325 3962 1412 aguntur
4010 1321 4434 1413 perspecta

1042 1429 1401 1532 habere,
1466 1452 1548 1512 et
1591 1429 1985 1537 :invigilet
2064 1459 2168 1512 ne
2234 1448 2653 1539 praetextu
2736 1429 3208 1525 eremiticae
3293 1428 3507 1509 vitae
3584 1427 3753 1505 otio
3808 1450 3892 1506 se
3957 1424 4163 1504 dent
4211 1481 4234 1523 ,
4293 1438 4436 1502 aut

1038 1546 1268 1637 aliud
1320 1546 1645 1651 saciant,
1701 1578 1948 1663 quam
2007 1547 2233 1663 quod
2287 1541 2765 1661 hujusmodi
2824 1544 3305 1628 Institutum
3343 1543 3722 1657 postulat.
3778 1544 4171 1650 Assignet
4207 1570 4435 1653 prae·

1045 1694 1257 1754 terea
1312 1699 1575 1752 unum
1642 1700 1733 1751 ex
1779 1671 2336 1772 ‘monasteri0,
2405 1667 2547 1785 qui
2605 1665 3113 1777 temporibus
3187 1669 3351 1749 suis
3427 1667 3738 1747 victum
3775 1725 3803 1765 ‚
3875 1684 4166 1775 potum
4217 1721 4241 1764 ,
4304 1689 4439 1744 ve·

1045 1794 1331 1872 stitum
1368 1852 1395 1889 ‚
1491 1810 1574 1872 et
1662 1791 1931 1869 omnia
2031 1794 2481 1872 necessaria
2565 1785 2911 1867 Inclusis
2945 1848 2968 1890 ,
3048 1790 3218 1870 sive
3318 1784 3711 1868 Eremitis
3800 1781 4433 1885 subministret.

1041 1909 1187 1991 IV.
1247 1906 1515 1991 Semel
1595 1910 1676 1991 in
1747 1899 1984 1989 annos
2019 1939 2163 2018 per
2212 1906 2500 1991 decem
2541 1968 2562 2009 ,
2633 1927 2779 1986 aut
2844 1928 3031 1989 octo
3110 1903 3283 1988 dies
3328 1925 3741 1989 tenentur
3801 1898 4186 1984 Monachi
4266 1928 4443 1980 om-

1050 2060 1192 2113 nes
1262 2031 1344 2109 in
1409 2027 1654 2112 cellas
1715 2057 1897 2109 suas
1974 2059 2016 2110 a
2076 2032 2525 2111 communi
2602 2024 2947 2107 aliorum
3030 2024 3443 2109 consortio
3530 2019 3916 2106 secedere
3965 2081 3990 2124 ,
4057 2042 4140 2103 et
4204 2020 4441 2131 spiri-

1048 2147 1413 2233 tualibus
1465 2147 2177 2231 exercitationibus
2231 2178 2520 2232 vacare
2575 2178 2595 2229 :
2672 2140 2927 2258 idque
2977 2148 3149 2229 sive
3212 2164 3401 2228 ante
3452 2142 3989 2229 Nativitatem
4062 2138 4437 2243 Domini,

1051 2270 1221 2352 sive
1273 2290 1462 2351 ante
1511 2266 2032 2350 Dominicam
2076 2266 2574 2351 Palmarum.
2618 2261 3061 2349 Provideat
3112 2289 3381 2349 autem
3419 2262 3702 2346 Abbas
3754 2284 3847 2345 ut
3895 2289 4255 2343 secessus
4290 2255 4443 2344 hu-

1045 2383 1406 2500 jusmodi
1462 2390 1674 2471 inter
1723 2384 2176 2469 Monacbos
2226 2391 2342 2471 sic
2391 2383 2960 2489 distribuatur,
3018 2409 3110 2468 ut
3165 2384 3484 2467 nullum
3543 2386 3759 2467 vitae
3798 2380 4258 2482 communi,
4305 2404 4445 2465 aut

1046 2509 1517 2592 necessariis
1568 2509 2044 2596 Monasterii
2100 2509 2578 2590 ministeriis
2620 2500 3224 2590 ‚detrimentum
3282 2500 3704 2587 inferatur.

2381 2743 2452 2826 C
2527 2745 2592 2826 A
2663 2741 2752 2823 P.
2879 2743 3117 2828 XIV.

2378 2985 2515 3070 De
2591 2980 3148 3068 Monialibus.

1182 3229 1244 3311 l.
1312 3227 1799 3311 Mouialium
1841 3254 2122 3310 curam
2176 3220 2413 3307 Ordo
2446 3247 2716 3309 noster
2765 3255 2930 3307 non
2983 3225 3394 3336 suscipiat,
3432 3226 3583 3308 nisi
3643 3221 3748 3311 de
3788 3253 4194 3310 consensu
4248 3221 4439 3309 ani

1057 3349 1430 3431 Domini*
1465 3344 2000 3447 patriarchae,
2055 3367 2137 3427 et
2184 3343 2573 3455 Episcopi
2629 3344 3114 3428 Dioecesani
3170 3350 3251 3425 in
3304 3349 3622 3458 scriptis
3677 3342 4113 3455 habendo,
4180 3372 4447 3458 eoque

1061 3466 1373 3571 habim,
1432 3467 1791 3575 regimen
1847 3494 2126 3548 earum
2191 3460 2295 3546 ad
2346 3465 2755 3549 Abbatem
2811 3463 3304 3548 Gener-alem
3386 3462 3859 3549 immediate
3922 3462 4368 3578 pertinebit
4408 3502 4441 3571 ‚5

1057 3591 1202 3703 qui
1269 3588 1596 3671 illarum
1651 3607 1831 3698 post
1884 3581 2452 3669 Reverendiss.
2506 3583 2612 3666 D.
2670 3582 3221 3668 patriarcham
3252 3645 3283 3685 ,
3346 3608 3431 3669 et
3492 3585 4001 3699 Episcopum
4055 3585 4446 3669 Visitator

1067 3705 1562 3791 ordinarius
1610 3710 1763 3790 erit
1800 3727 1973 3811 ,.et
2019 3702 2626 3821 ‚Gubernatom
2691 3728 2774 3789 et
2834 3703 3266 3808 Dis-ector,
3332 3728 3413 3787 et
3462 3702 3566 3788 ad
3621 3736 3808 3790 eum
3865 3705 4279 3818 spectabit·
4326 3706 4444 3785 eis

1055 3824 1493 3939 providere
1544 3822 1649 3910 de
1693 3825 2082 3910 Patribus
2136 3823 2713 3933 Spiritualibus
2760 3858 2787 3927 ,·
2852 3856 2997 3910 seu
3070 3821 3602 3941 Colnfessariis
3643 3886 3665 3930 ,
3737 3848 3902 3908 tam
3976 3824 4432 3923 ordinariis,

1044 3977 1307 4062 quam
1388 3942 2099 4030 extraordinariis:
2169 3966 2251 4027 et
2301 3945 2473 4055 ipse
2523 3949 2769 4027 etiarn
2822 3946 3120 4057 poterit
3188 3975 3470 4028 earum
3542 3943 4118 4030 Confessiones
4168 3972 4317 4056 per
4367 3972 4451 4026 se

1060 4073 1331 4177 ipsum
1380 4062 1718 4171 andire,
1772 4069 1838 4149 si
1887 4064 2288 4164 voluerit,
2342 4085 2424 4146 et
2480 4064 2997 4148 Visitatorem
3064 4060 3419 4179 aliquem
3488 4096 3583 4149 ex
3648 4064 4081 4149 Monac'h'is
4132 4087 4453 4148 nostrae

1043 4185 1739 4295 .Congregationis
1788 4184 2310 4287 substituere,
2377 4186 2438 4265 si
2482 4181 2926 4297 impeditus
2970 4179 3245 4268 fuerit.
3319 4184 3425 4266 ΙΙ.
3490 4187 3576 4281 ὃῑ
3620 4189 3852 4298 plura
3906 4182 4219 4270 suerint
4269 4182 4451 4265 Mo-

951 4382 962 4403 „
1065 4306 2024 4406 nialium·Monasteria‚
2096 4304 2403 4387 nullam
2473 4298 2982 4389 ab1invicem
3036 4301 3673 4415 dependentiam
3734 4305 4164 4389 habebunt
4217 4367 4238 4409 ,
4296 4332 4451 4386 nec

1067 4429 1313 4509 unius
1362 4426 1794 4511 Abbatissa
1851 4425 2079 4508 alteri
2158 4452 2478 4534 praesse
2538 4427 2881 4535 poterit,
2951 4422 3090 4508 sed
3148 4423 3812 4541 unumquodque
3874 4456 4109 4511 asna
4168 4423 4451 4507 Abba·

1041 4546 1250 4631 .tissa
1310 4544 2067 4647 administrabitur,
2122 4565 2206 4627 et
2268 4541 2658 4626 omnihus
2742 4544 3196 4628 Abbatissis
3247 4549 3599 4657 praeerit
3653 4545 3935 4629 Abbas
3986 4544 4440 4646 Generalis,

1062 4686 1158 4747 ut
1216 4662 1464 4749 modo
1520 4664 1836 4748 dictum
1917 4687 2091 4748 est.
2157 4662 2563 4747 Poterunt
2613 4685 2887 4763 tamen
2943 4664 3342 4748 Moniales
3419 4697 3511 4749 ex
3570 4670 3734 4749 u'no
3788 4664 4287 4750 Monaste'rio
4363 4667 4449 4745 in

1059 4783 1282 4868 aliud
1335 4785 1447 4868 ob
1513 4776 1941 4891 urgentem
1995 4784 2558 4868 necessitatem
2616 4781 3081 4888 transferri,
3151 4782 3399 4868 modo
3466 4784 3681 4870 adsit
3729 4816 4175 4870 consensus
4250 4781 4452 4866 dua-

1051 4936 1244 4987 rum
1290 4907 1573 4989 saltem
1642 4906 1995 5016 partium
2049 4904 2539 4987 Monialium
2574 4965 2595 5006 ,
2649 4900 2749 4987 ad
2806 4935 3008 5019 quas
3062 4901 3567 5011 transfertur,
3636 4930 3718 4990 et
3767 4906 4158 5018 Episcopi
4230 4905 4450 4987 illius

1046 5025 1246 5109 loci.
1319 5024 1468 5107 Ill.
1536 5022 1781 5108 Nulla
1837 5024 2092 5133 Virgo
2141 5057 2182 5107 a
2239 5023 2743 5134 parentibus,
2796 5048 2939 5108 aut
2989 5025 3167 5108 aliis
3220 5049 3497 5110 coacta
3537 5088 3558 5130 ,
3618 5026 3747 5110 vel
3814 5023 4181 5131 seducta,
4253 5027 4454 5107 reci-

1045 5147 1335 5256 piatur
1398 5148 1477 5228 in
1539 5146 2092 5227 Monasterio:
2169 5143 2563 5262 nullaque
2614 5142 2898 5229 habitu
2942 5145 3457 5231 ‚Monialium
3516 5145 3937 5250 induatur,
3994 5146 4309 5261 absque
4364 5146 4455 5224 li-

1064 5267 1332 5349 centia
1384 5266 1734 5350 Abbatis
1794 5262 2223 5348 Generalis
2275 5325 2298 5366 ,
2356 5289 2437 5348 et
2491 5265 2638 5347 nisi
2703 5295 2796 5348 ex
2865 5296 3272 5351 consensu
3335 5297 3476 5349 seu
3541 5263 3946 5373 suffragiis
4014 5266 4453 5378 plusquam

1066 5383 1527 5471 medietatis
1578 5385 2092 5469 Monialium.
2160 5382 2486 5469 Habeat
2535 5408 2807 5469 autem
2875 5418 3007 5470 eas
3058 5417 3345 5471 omues
3398 5390 3847 5496 respective
3902 5383 4448 5487 conditiones,

1006 5600 1012 5605 ⁶
1059 5536 1271 5623 quae
1325 5508 1407 5589 in
1458 5504 1810 5589 Novitiis
1862 5502 2294 5588 Monacbis
2345 5506 2569 5615 juxta
2623 5503 3640 5591 Constitutionesnostras
3694 5506 4452 5623 requirunturzsit-

1031 5656 1219 5740 ‚que
1275 5621 1684 5715 sexdecim
1759 5655 2016 5711 anulos
2072 5647 2288 5728 nata,
2372 5655 2561 5709 cum
2633 5625 3150 5713 Novitiatum
3203 5630 3559 5743 incipit,⁴
3616 5656 3884 5742 neque
3950 5654 4261 5735 ann-um
4318 5655 4451 5709 ae-
