4834 6409
3571 516 3732 606 351
3826 598 3827 601 v

388 645 633 750 terit,
671 652 908 758 ‘quae
956 638 1131 752 ipse
1197 636 1480 749 Abbas
1531 632 1997 725 secundum
2075 634 2477 748 Regulam
2512 697 2543 739 ,
2604 633 3315 746 Constitutiones,
3383 658 3467 723 et
3526 637 3755 726 Con·

383 763 862 852 suetudines
910 757 1396 872 approbatas
1459 755 2158 845 sui-Monasterii.
2227 756 2314 841 Si
2372 786 2571 841 vero
2632 752 2951 874 aliquid
3021 755 3756 846 extraordinarium

384 882 834 985 acciderit,
901 875 1130 998 quod
1179 874 1387 965 adeo
1464 901 1746 989 urgeat
1792 936 1824 980 ,
1903 898 2009 962 ut
2053 874 2488 965 commode
2541 875 2822 961 Abbas
2875 882 3278 991 expectari
3335 904 3692 997 nequeat
3725 943 3753 985 ,

384 999 473 1097 id
524 999 907 1118 expedire
956 1001 1256 1115 poterit
1308 999 1681 1085 Vicarius
1729 995 2031 1083 auditis
2079 997 2722 1084 Consultoribus
2768 1060 2794 1103 ,
2860 1000 3305 1117 statimque
3350 998 3756 1089 redeunti

383 1123 698 1209 Abbati
739 1117 1054 1206 reserat.
1109 1110 1546 1205 Praesente
1613 1149 1809 1205 vero
1858 1118 2216 1222 Abbate‚
2267 1114 2377 1203 ea³f
2413 1139 2733 1201 tantum
2787 1114 3357 1229 jurisdictione
3413 1141 3688 1206 utetur
3724 1181 3748 1226 ,

387 1273 602 1359 quae
649 1243 806 1330 sibi
855 1239 1105 1325 fuerit
1166 1241 1620 1325 commissa.
1690 1238 1834 1323 lv.
1903 1235 2328 1324 Officiales
2376 1239 2649 1323 visitet
2691 1299 2717 1342 ,
2807 1239 3127 1352 quoties
3177 1257 3382 1354 opus
3429 1236 3679 1327 suerit
3728 1304 3751 1345 ,

390 1353 908 1450 observando
982 1356 1403 1475 quomodo
1463 1388 1708 1467 suum
1787 1360 2139 1476 quisque
2213 1354 2585 1443 officium
2649 1379 3097 1472 exequatur
3134 1422 3154 1441 .
3246 1359 3758 1478 Frequenter

383 1485 630 1567 etiam
681 1478 916 1566 adeat
968 1479 1264 1584 cellas,
1317 1502 1403 1564 et
1459 1480 1614 1564 alia
1695 1479 1871 1563 loca
1922 1473 2398 1564 Monasterii
2446 1541 2477 1581 ,
2542 1499 2637 1561 ut
2685 1474 2979 1562 domus
3063 1477 3376 1565 munda
3428 1484 3533 1566 sit
3577 1546 3608 1586 ,
3671 1504 3757 1567 et

385 1604 664 1691 omnia
728 1601 1043 1717 ubique
1093 1596 1484 1684 decenter
1544 1600 1710 1682 suis
1764 1597 1962 1682 locis
2010 1600 2454 1711 composita
2484 1660 2513 1699 ‚
2560 1626 2657 1681 ac
2706 1598 3179 1710 praesertim
3226 1600 3313 1684 in
3364 1601 3491 1705 iis,
3541 1630 3756 1721 quae

335 1722 496 1805 -ab
545 1723 899 1806 externis
946 1715 1210 1804 videri
1259 1718 1549 1804 solent.
1600 1716 2009 1803 Noctibus
2060 1717 2399 1828 singulis
2434 1739 2708 1829 port-as
2756 1717 3231 1803 Monasterii
3282 1717 3583 1828 videat,
3649 1751 3754 1806 an

275 1946 282 1951 ·
381 1840 974 1926 beneclausae
1023 1839 1241 1943 sint,
1294 1860 1377 1924 et
1425 1839 1673 1922 cellas
1724 1834 2324 1922 Monacborum
2373 1838 2675 1941 visitet,
2745 1867 2849 1922 ne
2901 1839 3087 1955 quis
3136 1860 3358 1925 extra
3410 1843 3759 1928 cubicu·
3816 1926 3827 1937 ,

383 1949 564 2045 lum
615 1982 978 2068 vagetur.
1046 1956 1757 2044 Observetetiam
1809 1957 2139 2062 crebre,
2205 1987 2407 2040 num
2460 1953 2776 2073 aliquid
2839 1954 3050 2043 desit
3096 1989 3194 2044 ex
3259 1964 3753 2066 necessariis,

387 2106 534 2163 aut
575 2076 954 2164 abundet
997 2077 1427 2163 Monachis
1476 2138 1502 2183 ,
1566 2106 2020 2194 eorumque
2085 2107 2369 2162 curam
2446 2079 2955 2187 potissimum
3034 2074 3333 2164 habeat
3371 2142 3396 2185 ,
3463 2084 3760 2200 quiin

391 2201 756 2313 corporis
803 2230 997 2284 cura
1051 2199 1458 2284 minorem
1510 2193 1617 2282 de
1689 2227 1777 2282 se
1827 2199 2018 2310 ipsis
2068 2192 2711 2282 sollicitudinem
2772 2219 3093 2306 gerunt.
3150 2196 3752 2319 Rationemque
3836 2298 3841 2303 0

388 2314 495 2403 de
545 2320 795 2405 rebus
845 2318 1237 2405 omnibus
1297 2317 1776 2405 Monasterii
1811 2379 1835 2420 ,
1901 2348 2104 2434 quas
2153 2312 2515 2422 viderit,
2575 2337 2721 2400 aut
2768 2338 3162 2402 executus
3209 2314 3462 2405 suerit
3498 2384 3524 2427 ,
3581 2324 3758 2408 Ab·

393 2437 564 2523 bati
605 2500 630 2545 ,
671 2442 1015 2557 quoties
1065 2468 1271 2552 opus
1305 2433 1596 2542 fuerit,
1649 2434 1969 2549 reddat,
2035 2459 2119 2521 et
2157 2433 2476 2523 referat.
2539 2433 3053 2553 Redigatque
3103 2437 3186 2521 in
3239 2443 3755 2549 memoriam,

392 2587 608 2674 quae
669 2559 1114 2645 necessaria
1161 2558 1676 2646 Monasterio.
1732 2553 2162 2669 judicabit,
2218 2578 2314 2641 ut
2360 2553 2467 2641 de
2516 2553 2888 2647 emendis
2937 2557 3187 2642 rebus
3235 2556 3342 2645 ad
3390 2562 3755 2671 victum,

392 2699 476 2761 et
537 2679 923 2764 vestitum
987 2677 1484 2777 necessariis,
1552 2699 1637 2761 et
1698 2675 2096 2761 Fratrum,
2135 2677 2455 2777 nimio,
2504 2697 2650 2763 ant
2708 2677 3003 2786 exiguo
3071 2677 3403 2784 labore,
3468 2678 3578 2767 de
3637 2714 3763 2769 sa·

395 2798 648 2885 nitate
697 2859 723 2904 ,
788 2821 875 2884 et
921 2794 1350 2882 similibus.
1413 2794 1517 2878 V.
1586 2794 1834 2880 Horis
1885 2794 2274 2880 omnibus
2319 2794 2651 2880 Divinis
2699 2794 3173 2904 Nocturnis,
3237 2821 3319 2884 et
3366 2798 3753 2910 Diurnis‚

396 2938 662 3032 atque·
714 2916 1008 3002 Sacrae
1073 2914 1493 3025 Liturgiae
1561 2915 2099 3028 personaliter
2168 2915 2490 3001 intersit
2538 2974 2563 3020 ,
2627 2938 2714 3000 et
2750 2913 3198 3023 observet,
3279 2948 3383 3005 an
3468 2951 3755 3009 omnes

396 3031 697 3135 adsint,
761 3057 845 3121 et
892 3067 996 3119 an
1049 3030 1184 3120 die
1234 3055 1540 3120 statuto
1574 3032 1684 3119 ad*
1729 3032 2381 3139 Confessionem,
2430 3057 2519 3120 et
2565 3031 3261 3122 communionem
3314 3038 3754 3149 accedant,

396 3177 539 3239 aut
587 3155 927 3250 Missam
1011 3151 1457 3240 celebrent.
1517 3153 1762 3240 Item·
1815 3176 2040 3240 notet
2090 3216 2116 3260 ,
2181 3185 2283 3238 an
2337 3155 2801 3239 constitutis
2877 3153 3095 3240 horis
3145 3159 3227 3241 in
3297 3153 3761 3248 Refectorio

399 3275 896 3362 conveniant
946 3334 970 3379 ,
1038 3296 1181 3358 aut
1228 3304 1275 3359 e
1323 3274 1834 3360 Monasterio.
1874 3271 2449 3384 egrediantur,
2502 3276 2671 3360 sive
2745 3270 2848 3359 ad
2902 3272 3109 3359 illud
3142 3276 3756 3389 regrediantur,

399 3423 502 3479 an
555 3427 601 3482 e
651 3394 867 3480 lecto
913 3414 1277 3502 surgant,
1315 3416 1460 3481 aut
1508 3393 1886 3479 cubitum
1938 3416 2152 3481 eant.
2219 3390 2617 3478 Defectus
2666 3390 3031 3513 denique
3066 3424 3379 3503 omnes,
3429 3402 3493 3486 si
3546 3430 3754 3519 quos

291 3600 302 3610 ‚
396 3513 480 3597 in
554 3515 1056 3601 Monasterio
1105 3510 1773 3600 animadverterit
1805 3578 1836 3617 ,
1898 3514 2031 3600 vel
2080 3508 2416 3599 aliunde
2468 3512 3008 3622 intellexerit,
3073 3540 3158 3602 et
3207 3550 3759 3637 quaecunque

397 3630 707 3716 alia'ad
758 3632 1061 3718 bonam
1115 3633 1796 3743 gubernationem
1848 3633 2005 3719 sibi
2057 3634 2591 3739 occurrerint,
2646 3632 2954 3718 Abbati
3005 3632 3323 3722 referat.
3365 3638 3510 3723 Vl.
3571 3641 3757 3727 Sin·

394 3751 606 3861 gulis
666 3750 1211 3838 hebdomadi-s
1281 3751 1661 3867 disponat
1715 3749 2020 3838 Officia
2067 3754 2569 3855 Monasterii,
2624 3751 3111 3871 tabulasque
3161 3755 3547 3846 conficiat
3594 3764 3758 3847 Mi·

401 3873 843 3957 nistrorum
903 3871 1159 3960 Chori
1210 3935 1235 3979 ,
1300 3892 1384 3957 et
1432 3873 1858 3960 Ecclesiae
1890 3934 1915 3978 ,
1981 3870 2385 3986 horasque
2467 3873 2902 3957 Missarum
2984 3877 3200 3962 inter
3261 3874 3758 3969 'Sacerdotes

396 3984 859 4077 distribuat.
923 3993 1201 4105 Quam
1251 3989 1593 4109 quidem
1664 3993 2035 4079 tab‘ulam
2094 3991 2199 4077 ab
2251 3990 2584 4077 Abbate
2634 3992 3168 4106 approbatam
3242 3997 3325 4082 in
3380 3999 3565 4085 loco
3614 4031 3757 4112 pa·
3814 4009 3822 4015 ’

396 4107 605 4191 tenti
656 4116 1048 4223 exponat,
1113 4134 1257 4196 aut
1306 4115 1390 4194 in
1445 4110 1908 4199 Refectorio
1961 4109 2394 4224 legendam
2446 4134 2699 4198 curet.
2755 4110 3174 4226 Ipsevero
3234 4118 3394 4203 ‘sibi
3444 4117 3759 4204 hebdo-

400 4222 730 4325 madam
812 4251 976 4314 tam
1046 4233 1131 4315 in
1203 4226 1486 4315 Choro
1532 4293 1557 4337 ,
1621 4263 1877 4350 quam
1953 4235 2046 4318 in
2123 4231 2392 4316 Missis
2450 4228 2843 4319 canendis
2889 4294 2915 4339 ,
2980 4238 3192 4321 sicut
3252 4261 3335 4323 et
3420 4239 3756 4360 reliquis

401 4343 831 4434 Fratribus
867 4410 892 4454 ,
943 4350 1278 4435 tribuat.

1729 4467 1803 4555 C
1870 4472 1948 4554 A
2009 4469 2104 4555 P.
2202 4450 2438 4554 Vm.

1001 4709 1140 4794 De
1209 4710 1676 4795 oeconomo
1703 4773 1735 4814 ,
1789 4741 1940 4795 seu
1988 4700 2555 4807 Procuratores·
2592 4712 3132 4799 Monasterii.

525 4947 592 5030 1.
657 4947 1240 5056 Oeconomus,
1302 4952 1475 5036 sive
1523 4948 2016 5036 Procurator
2067 4950 2180 5036 ab
2246 4952 2576 5040 Abbate
2638 4952 3112 5040 Monasterii
3188 4960 3756 5070 constituitur,

399 5069 746 5186 ejusque
795 5065 1200 5155 Officium
1282 5094 1407 5157 est
1453 5099 1581 5156 res
1639 5070 2128 5185 temporales
2189 5071 2663 5160 Menasterii
2714 5103 3052 5179 curare,
3118 5101 3202 5163 et
3249 5075 3763 5168 administra-

399 5215 544 5290 re,
579 5189 1049 5307 xomniaque
1099 5192 1582 5304 tempestive
1638 5188 2073 5304 providere
2122 5256 2150 5298 ,
2212 5193 2519 5396 rffiibus
2578 5191 2972 5285 Monachi
3050 5193 3451 5307 indigent.
3518 5201 3757 5289 11.1n

309 5332 317 5339 ·
398 5308 680 5417 primis
728 5310 977 5421 igitur
1039 5339 1275 5397 nosse
1337 5307 1588 5396 debet
1644 5310 1862 5396 bona
1913 5315 2189 5398 omnia
2331 5314 2717 5403 onasterii
2754 5377 2780 5421 ,
2843 5338 3010 5401 tam
3069 5317 3453 5423 mobilia,
3505 5352 3756 5438 quam

400 5427 856 5537 immobilia
899 5462 926 5534 ε,
980 5432 1246 5541 Agros
1281 5492 1306 5537 ,
1365 5430 1676 5517 ‚Vincas
1712 5452 1750 5537 ²,
1813 5429 2062 5518 Prata
2098 5497 2130 5537 ,
2194 5432 2524 5521 Oliveta
2575 5496 2605 5541 ,
2662 5431 2976 5547 Greges
3039 5439 3324 5523 ovium
3374 5496 3400 5544 ,
3466 5465 3551 5528 et
3623 5440 3752 5529 his

400 5547 692 5635 similia
728 5611 754 5655 ,
818 5578 1172 5667 quornm
1238 5548 1805 5639 Inventarium
1852 5581 2105 5666 penes
2177 5584 2264 5641 se
2331 5553 2679 5643 habebit
2721 5618 2746 5661 ,
2811 5574 3193 5675 quaeque
3253 5586 3496 5673 saepe
3560 5592 3756 5649 cum

400 5671 642 5754 Socio
693 5664 1019 5764 visitare
1068 5667 1436 5781 debebit,
1471 5684 1586 5762 ne
1631 5669 1840 5793 quid
1887 5669 2370 5764 detrimenti·
2412 5707 2509 5763 ex
2558 5675 2813 5794 ipsius
2862 5678 3352 5791 negligentia
3402 5685 3753 5799 capiant.
