<?xml version="1.0" encoding="UTF-8"?>
<!DOCTYPE html PUBLIC "-//W3C//DTD XHTML 1.0 Transitional//EN"
    "http://www.w3.org/TR/xhtml1/DTD/xhtml1-transitional.dtd">
<html xmlns="http://www.w3.org/1999/xhtml" xml:lang="en" lang="en">
 <head>
  <title>
</title>
<meta http-equiv="Content-Type" content="text/html;charset=utf-8" />
  <meta name='ocr-system' content='tesseract 3.04.00' />
  <meta name='ocr-capabilities' content='ocr_page ocr_carea ocr_par ocr_line ocrx_word'/>
</head>
<body>
  <div class='ocr_page' id='page_1' title='image "./bullariumpontif00fidegoog_0366.png"; bbox 0 0 4834 6409; ppageno 0'>
   <div class='ocr_carea' id='block_1_1' title="bbox 1011 563 4497 5762">
    <p class='ocr_par' dir='ltr' id='par_1_1' title="bbox 1011 563 4497 5762">
     <span class='ocr_line' id='line_1_1' title="bbox 1031 563 4426 683; baseline -0.003 -29"><span class='ocrx_word' id='word_1_1' title='bbox 1031 600 1233 683; x_wconf 86' lang='lat' dir='ltr'><strong>pore</strong></span> <span class='ocrx_word' id='word_1_2' title='bbox 1282 563 1671 654; x_wconf 87' lang='lat' dir='ltr'><strong>decenter</strong></span> <span class='ocrx_word' id='word_1_3' title='bbox 1721 630 1744 672; x_wconf 91' lang='lat'><strong>,</strong></span> <span class='ocrx_word' id='word_1_4' title='bbox 1815 598 1910 652; x_wconf 90' lang='lat' dir='ltr'><strong>ac</strong></span> <span class='ocrx_word' id='word_1_5' title='bbox 1988 564 2266 658; x_wconf 81' lang='lat' dir='ltr'><strong>debite</strong></span> <span class='ocrx_word' id='word_1_6' title='bbox 2319 568 2546 659; x_wconf 74' lang='lat' dir='ltr'><strong>fia‘nt&#39;.</strong></span> <span class='ocrx_word' id='word_1_7' title='bbox 2599 567 2706 651; x_wconf 88' lang='lat'><strong>11.</strong></span> <span class='ocrx_word' id='word_1_8' title='bbox 2765 566 2861 652; x_wconf 87' lang='lat' dir='ltr'><strong>In</strong></span> <span class='ocrx_word' id='word_1_9' title='bbox 2920 567 3201 681; x_wconf 72' lang='lat' dir='ltr'><strong>primis</strong></span> <span class='ocrx_word' id='word_1_10' title='bbox 3253 563 3596 653; x_wconf 79' lang='lat' dir='ltr'><strong>habebit</strong></span> <span class='ocrx_word' id='word_1_11' title='bbox 3666 563 4241 651; x_wconf 86' lang='lat' dir='ltr'><strong>Inventarinm</strong></span> <span class='ocrx_word' id='word_1_12' title='bbox 4297 590 4426 646; x_wconf 89' lang='lat' dir='ltr'><strong>re·</strong></span> 
     </span>
     <span class='ocr_line' id='line_1_2' title="bbox 1034 682 4419 801; baseline -0.002 -28"><span class='ocrx_word' id='word_1_13' title='bbox 1034 719 1217 776; x_wconf 88' lang='lat' dir='ltr'><strong>rum</strong></span> <span class='ocrx_word' id='word_1_14' title='bbox 1284 692 1660 773; x_wconf 89' lang='lat' dir='ltr'><strong>omnium</strong></span> <span class='ocrx_word' id='word_1_15' title='bbox 1734 684 1842 774; x_wconf 89' lang='lat' dir='ltr'><strong>ad</strong></span> <span class='ocrx_word' id='word_1_16' title='bbox 1911 687 2438 798; x_wconf 77' lang='lat' dir='ltr'><strong>Ecclesiam,</strong></span> <span class='ocrx_word' id='word_1_17' title='bbox 2517 713 2601 780; x_wconf 90' lang='lat' dir='ltr'><strong>et</strong></span> <span class='ocrx_word' id='word_1_18' title='bbox 2658 687 3030 774; x_wconf 81' lang='lat' dir='ltr'><strong>Chorum</strong></span> <span class='ocrx_word' id='word_1_19' title='bbox 3100 682 3648 801; x_wconf 80' lang='lat' dir='ltr'>spectantium</span> <span class='ocrx_word' id='word_1_20' title='bbox 3714 712 3875 774; x_wconf 86' lang='lat' dir='ltr'><strong>tam</strong></span> <span class='ocrx_word' id='word_1_21' title='bbox 3951 687 4038 771; x_wconf 87' lang='lat' dir='ltr'><strong>in</strong></span> <span class='ocrx_word' id='word_1_22' title='bbox 4112 684 4341 768; x_wconf 88' lang='lat' dir='ltr'><strong>libris</strong></span> <span class='ocrx_word' id='word_1_23' title='bbox 4390 740 4419 785; x_wconf 90' lang='lat'><strong>,</strong></span> 
     </span>
     <span class='ocr_line' id='line_1_3' title="bbox 1034 804 4426 927; baseline -0.002 -33"><span class='ocrx_word' id='word_1_24' title='bbox 1034 840 1286 927; x_wconf 88' lang='lat' dir='ltr'><strong>quam</strong></span> <span class='ocrx_word' id='word_1_25' title='bbox 1342 812 1421 892; x_wconf 90' lang='lat' dir='ltr'><strong>in</strong></span> <span class='ocrx_word' id='word_1_26' title='bbox 1485 810 1730 896; x_wconf 89' lang='lat' dir='ltr'><strong>sacris</strong></span> <span class='ocrx_word' id='word_1_27' title='bbox 1769 810 2141 896; x_wconf 70' lang='lat' dir='ltr'><strong>vestibus</strong></span> <span class='ocrx_word' id='word_1_28' title='bbox 2178 874 2201 915; x_wconf 91' lang='lat'><strong>,</strong></span> <span class='ocrx_word' id='word_1_29' title='bbox 2239 838 2323 901; x_wconf 88' lang='lat' dir='ltr'><strong>et</strong></span> <span class='ocrx_word' id='word_1_30' title='bbox 2373 818 2585 898; x_wconf 83' lang='lat' dir='ltr'><strong>vasis</strong></span> <span class='ocrx_word' id='word_1_31' title='bbox 2618 873 2649 914; x_wconf 82' lang='lat'><strong>,</strong></span> <span class='ocrx_word' id='word_1_32' title='bbox 2685 812 3074 927; x_wconf 87' lang='lat' dir='ltr'><strong>aliisque:</strong></span> <span class='ocrx_word' id='word_1_33' title='bbox 3132 813 3373 923; x_wconf 84' lang='lat' dir='ltr'><strong>cujus</strong></span> <span class='ocrx_word' id='word_1_34' title='bbox 3428 811 3874 897; x_wconf 88' lang='lat' dir='ltr'><strong>Inventarii</strong></span> <span class='ocrx_word' id='word_1_35' title='bbox 3930 804 4426 901; x_wconf 27' lang='lat' dir='ltr'><strong>duodexem-</strong></span> 
     </span>
     <span class='ocr_line' id='line_1_4' title="bbox 1031 924 4412 1048; baseline -0.002 -35"><span class='ocrx_word' id='word_1_36' title='bbox 1031 931 1164 1043; x_wconf 85' lang='lat' dir='ltr'><strong>pla</strong></span> <span class='ocrx_word' id='word_1_37' title='bbox 1240 951 1538 1036; x_wconf 88' lang='lat' dir='ltr'><strong>erunt,</strong></span> <span class='ocrx_word' id='word_1_38' title='bbox 1594 930 1940 1014; x_wconf 84' lang='lat' dir='ltr'><strong>alterum</strong></span> <span class='ocrx_word' id='word_1_39' title='bbox 2014 962 2267 1045; x_wconf 82' lang='lat' dir='ltr'><strong>penes</strong></span> <span class='ocrx_word' id='word_1_40' title='bbox 2315 938 2641 1048; x_wconf 83' lang='lat' dir='ltr'><strong>ipsum,</strong></span> <span class='ocrx_word' id='word_1_41' title='bbox 2707 935 3055 1017; x_wconf 85' lang='lat' dir='ltr'><strong>alterum</strong></span> <span class='ocrx_word' id='word_1_42' title='bbox 3127 924 3208 1014; x_wconf 86' lang='lat' dir='ltr'><strong>in</strong></span> <span class='ocrx_word' id='word_1_43' title='bbox 3286 930 3685 1016; x_wconf 75' lang='lat' dir='ltr'><strong>Archivio</strong></span> <span class='ocrx_word' id='word_1_44' title='bbox 3730 928 4274 1031; x_wconf 85' lang='lat' dir='ltr'><strong>Monasterii.,</strong></span> <span class='ocrx_word' id='word_1_45' title='bbox 4328 925 4412 1007; x_wconf 90' lang='lat' dir='ltr'><strong>in</strong></span> 
     </span>
     <span class='ocr_line' id='line_1_5' title="bbox 1033 1045 4423 1172; baseline -0.001 -38"><span class='ocrx_word' id='word_1_46' title='bbox 1033 1081 1203 1168; x_wconf 80' lang='lat' dir='ltr'><strong>quo</strong></span> <span class='ocrx_word' id='word_1_47' title='bbox 1253 1053 1702 1165; x_wconf 71' lang='lat' dir='ltr'><strong>scripturae</strong></span> <span class='ocrx_word' id='word_1_48' title='bbox 1741 1114 1764 1156; x_wconf 93' lang='lat'><strong>,</strong></span> <span class='ocrx_word' id='word_1_49' title='bbox 1829 1075 1911 1134; x_wconf 91' lang='lat' dir='ltr'><strong>et</strong></span> <span class='ocrx_word' id='word_1_50' title='bbox 1987 1054 2524 1140; x_wconf 87' lang='lat' dir='ltr'><strong>instrumenta</strong></span> <span class='ocrx_word' id='word_1_51' title='bbox 2574 1072 3150 1139; x_wconf 75' lang='lat' dir='ltr'><strong>asservantur.</strong></span> <span class='ocrx_word' id='word_1_52' title='bbox 3212 1051 3333 1137; x_wconf 90' lang='lat' dir='ltr'><strong>Et</strong></span> <span class='ocrx_word' id='word_1_53' title='bbox 3398 1049 3737 1172; x_wconf 87' lang='lat' dir='ltr'><strong>quando</strong></span> <span class='ocrx_word' id='word_1_54' title='bbox 3786 1079 4053 1136; x_wconf 86' lang='lat' dir='ltr'><strong>novus</strong></span> <span class='ocrx_word' id='word_1_55' title='bbox 4122 1045 4423 1132; x_wconf 78' lang='lat' dir='ltr'><strong>Eccle-</strong></span> 
     </span>
     <span class='ocr_line' id='line_1_6' title="bbox 1030 1163 4419 1280; baseline 0 -27"><span class='ocrx_word' id='word_1_56' title='bbox 1030 1176 1195 1256; x_wconf 80' lang='lat' dir='ltr'><strong>siae</strong></span> <span class='ocrx_word' id='word_1_57' title='bbox 1259 1163 1728 1256; x_wconf 81' lang='lat' dir='ltr'><strong>Praefectus</strong></span> <span class='ocrx_word' id='word_1_58' title='bbox 1774 1173 2233 1259; x_wconf 82' lang='lat' dir='ltr'><strong>instituitur</strong></span> <span class='ocrx_word' id='word_1_59' title='bbox 2271 1239 2321 1280; x_wconf 33' lang='lat'><strong>,⁴</strong></span> <span class='ocrx_word' id='word_1_60' title='bbox 2351 1173 3008 1260; x_wconf 84' lang='lat' dir='ltr'><strong>coram-Abbate</strong></span> <span class='ocrx_word' id='word_1_61' title='bbox 3057 1234 3080 1276; x_wconf 90' lang='lat'><strong>,</strong></span> <span class='ocrx_word' id='word_1_62' title='bbox 3144 1196 3225 1260; x_wconf 93' lang='lat' dir='ltr'><strong>et</strong></span> <span class='ocrx_word' id='word_1_63' title='bbox 3274 1171 3763 1259; x_wconf 89' lang='lat' dir='ltr'><strong>Oeconomo</strong></span> <span class='ocrx_word' id='word_1_64' title='bbox 3841 1172 4257 1256; x_wconf 85' lang='lat' dir='ltr'><strong>rationem·</strong></span> <span class='ocrx_word' id='word_1_65' title='bbox 4296 1197 4419 1253; x_wconf 89' lang='lat' dir='ltr'><strong>re·</strong></span> 
     </span>
     <span class='ocr_line' id='line_1_7' title="bbox 1034 1282 4422 1407; baseline -0.001 -33"><span class='ocrx_word' id='word_1_66' title='bbox 1034 1324 1219 1377; x_wconf 87' lang='lat' dir='ltr'><strong>rum</strong></span> <span class='ocrx_word' id='word_1_67' title='bbox 1297 1296 1670 1377; x_wconf 86' lang='lat' dir='ltr'><strong>omnium</strong></span> <span class='ocrx_word' id='word_1_68' title='bbox 1759 1296 1983 1405; x_wconf 83' lang='lat' dir='ltr'><strong>juxta</strong></span> <span class='ocrx_word' id='word_1_69' title='bbox 2052 1294 2621 1383; x_wconf 86' lang='lat' dir='ltr'><strong>Inventarium</strong></span> <span class='ocrx_word' id='word_1_70' title='bbox 2692 1297 2956 1404; x_wconf 79' lang='lat' dir='ltr'><strong>exiget</strong></span> <span class='ocrx_word' id='word_1_71' title='bbox 3021 1325 3065 1377; x_wconf 91' lang='lat' dir='ltr'><strong>a</strong></span> <span class='ocrx_word' id='word_1_72' title='bbox 3136 1291 3779 1407; x_wconf 77' lang='lat' dir='ltr'><strong>praedecessore.</strong></span> <span class='ocrx_word' id='word_1_73' title='bbox 3826 1282 4009 1375; x_wconf 62' lang='lat'><strong>111.</strong></span> <span class='ocrx_word' id='word_1_74' title='bbox 4066 1289 4422 1374; x_wconf 87' lang='lat' dir='ltr'><strong>Librum</strong></span> 
     </span>
     <span class='ocr_line' id='line_1_8' title="bbox 1032 1402 4418 1529; baseline -0.001 -33"><span class='ocrx_word' id='word_1_75' title='bbox 1032 1415 1277 1496; x_wconf 86' lang='lat' dir='ltr'><strong>etiam</strong></span> <span class='ocrx_word' id='word_1_76' title='bbox 1329 1402 1630 1499; x_wconf 80' lang='lat' dir='ltr'><strong>habeat</strong></span> <span class='ocrx_word' id='word_1_77' title='bbox 1690 1409 1919 1516; x_wconf 85' lang='lat' dir='ltr'><strong>dati,</strong></span> <span class='ocrx_word' id='word_1_78' title='bbox 1968 1439 2052 1501; x_wconf 93' lang='lat' dir='ltr'><strong>et</strong></span> <span class='ocrx_word' id='word_1_79' title='bbox 2101 1419 2411 1528; x_wconf 87' lang='lat' dir='ltr'><strong>accepti</strong></span> <span class='ocrx_word' id='word_1_80' title='bbox 2465 1448 2614 1529; x_wconf 84' lang='lat' dir='ltr'><strong>pro</strong></span> <span class='ocrx_word' id='word_1_81' title='bbox 2678 1413 3098 1500; x_wconf 83' lang='lat' dir='ltr'><strong>Ecclesiae</strong></span> <span class='ocrx_word' id='word_1_82' title='bbox 3159 1417 3582 1527; x_wconf 85' lang='lat' dir='ltr'><strong>expensis,</strong></span> <span class='ocrx_word' id='word_1_83' title='bbox 3634 1436 3732 1497; x_wconf 90' lang='lat' dir='ltr'><strong>ut</strong></span> <span class='ocrx_word' id='word_1_84' title='bbox 3784 1415 4180 1498; x_wconf 87' lang='lat' dir='ltr'><strong>rationem</strong></span> <span class='ocrx_word' id='word_1_85' title='bbox 4238 1409 4418 1499; x_wconf 60' lang='lat' dir='ltr'><strong>Ab,</strong></span> 
     </span>
     <span class='ocr_line' id='line_1_9' title="bbox 1032 1531 4417 1653; baseline 0 -38"><span class='ocrx_word' id='word_1_86' title='bbox 1032 1532 1203 1619; x_wconf 89' lang='lat' dir='ltr'><strong>bati</strong></span> <span class='ocrx_word' id='word_1_87' title='bbox 1274 1562 1782 1653; x_wconf 89' lang='lat' dir='ltr'><strong>unoquoque</strong></span> <span class='ocrx_word' id='word_1_88' title='bbox 1848 1566 2130 1622; x_wconf 89' lang='lat' dir='ltr'><strong>mense</strong></span> <span class='ocrx_word' id='word_1_89' title='bbox 2195 1535 2542 1623; x_wconf 87' lang='lat' dir='ltr'><strong>reddere</strong></span> <span class='ocrx_word' id='word_1_90' title='bbox 2624 1538 2903 1650; x_wconf 86' lang='lat' dir='ltr'><strong>possit.</strong></span> <span class='ocrx_word' id='word_1_91' title='bbox 2987 1531 3131 1616; x_wconf 85' lang='lat' dir='ltr'><strong>IV.</strong></span> <span class='ocrx_word' id='word_1_92' title='bbox 3214 1534 3804 1649; x_wconf 84' lang='lat' dir='ltr'><strong>Eleemosynas</strong></span> <span class='ocrx_word' id='word_1_93' title='bbox 3878 1560 4417 1652; x_wconf 84' lang='lat' dir='ltr'><strong>quocumque</strong></span> 
     </span>
     <span class='ocr_line' id='line_1_10' title="bbox 1029 1651 4420 1770; baseline -0.001 -34"><span class='ocrx_word' id='word_1_94' title='bbox 1029 1651 1283 1739; x_wconf 89' lang='lat' dir='ltr'><strong>modo</strong></span> <span class='ocrx_word' id='word_1_95' title='bbox 1336 1654 1878 1741; x_wconf 87' lang='lat' dir='ltr'><strong>obvenientes</strong></span> <span class='ocrx_word' id='word_1_96' title='bbox 1926 1720 1950 1762; x_wconf 91' lang='lat'><strong>,</strong></span> <span class='ocrx_word' id='word_1_97' title='bbox 2019 1681 2100 1743; x_wconf 89' lang='lat' dir='ltr'><strong>et</strong></span> <span class='ocrx_word' id='word_1_98' title='bbox 2161 1660 2551 1770; x_wconf 81' lang='lat' dir='ltr'><strong>pecunias</strong></span> <span class='ocrx_word' id='word_1_99' title='bbox 2607 1687 2754 1770; x_wconf 85' lang='lat' dir='ltr'><strong>pro</strong></span> <span class='ocrx_word' id='word_1_100' title='bbox 2818 1658 3442 1744; x_wconf 86' lang='lat' dir='ltr'><strong>manutentione</strong></span> <span class='ocrx_word' id='word_1_101' title='bbox 3491 1655 3925 1743; x_wconf 80' lang='lat' dir='ltr'><strong>Ecclesiae</strong></span> <span class='ocrx_word' id='word_1_102' title='bbox 3984 1652 4420 1752; x_wconf 88' lang='lat' dir='ltr'><strong>collectas,</strong></span> 
     </span>
     <span class='ocr_line' id='line_1_11' title="bbox 1031 1772 4420 1892; baseline 0.001 -36"><span class='ocrx_word' id='word_1_103' title='bbox 1031 1772 1250 1887; x_wconf 87' lang='lat' dir='ltr'><strong>apud</strong></span> <span class='ocrx_word' id='word_1_104' title='bbox 1327 1773 1905 1861; x_wconf 90' lang='lat' dir='ltr'><strong>Oeconomum</strong></span> <span class='ocrx_word' id='word_1_105' title='bbox 1990 1773 2427 1892; x_wconf 90' lang='lat' dir='ltr'><strong>deponat,</strong></span> <span class='ocrx_word' id='word_1_106' title='bbox 2510 1801 2604 1862; x_wconf 90' lang='lat' dir='ltr'><strong>ut</strong></span> <span class='ocrx_word' id='word_1_107' title='bbox 2665 1779 2750 1861; x_wconf 88' lang='lat' dir='ltr'><strong>in</strong></span> <span class='ocrx_word' id='word_1_108' title='bbox 2819 1781 3033 1863; x_wconf 86' lang='lat' dir='ltr'><strong>Arca</strong></span> <span class='ocrx_word' id='word_1_109' title='bbox 3093 1799 3700 1892; x_wconf 74' lang='lat' dir='ltr'><strong>reponantur,</strong></span> <span class='ocrx_word' id='word_1_110' title='bbox 3780 1777 4020 1889; x_wconf 86' lang='lat' dir='ltr'><strong>cujus</strong></span> <span class='ocrx_word' id='word_1_111' title='bbox 4098 1772 4420 1859; x_wconf 85' lang='lat' dir='ltr'><strong>clavem</strong></span> 
     </span>
     <span class='ocr_line' id='line_1_12' title="bbox 1035 1892 4418 2011; baseline 0 -34"><span class='ocrx_word' id='word_1_112' title='bbox 1035 1925 1283 1979; x_wconf 88' lang='lat' dir='ltr'><strong>unam</strong></span> <span class='ocrx_word' id='word_1_113' title='bbox 1340 1894 1972 2010; x_wconf 77' lang='lat' dir='ltr'><strong>habeat·Abbas</strong></span> <span class='ocrx_word' id='word_1_114' title='bbox 2018 1960 2041 2003; x_wconf 92' lang='lat'><strong>,</strong></span> <span class='ocrx_word' id='word_1_115' title='bbox 2126 1898 2459 1983; x_wconf 86' lang='lat' dir='ltr'><strong>alteram</strong></span> <span class='ocrx_word' id='word_1_116' title='bbox 2530 1904 2702 2011; x_wconf 90' lang='lat' dir='ltr'><strong>ipse</strong></span> <span class='ocrx_word' id='word_1_117' title='bbox 2769 1898 3331 1984; x_wconf 88' lang='lat' dir='ltr'><strong>Oeconomus.</strong></span> <span class='ocrx_word' id='word_1_118' title='bbox 3388 1895 3630 2004; x_wconf 82' lang='lat' dir='ltr'><strong>Quae</strong></span> <span class='ocrx_word' id='word_1_119' title='bbox 3679 1928 3876 1982; x_wconf 84' lang='lat' dir='ltr'><strong>vero</strong></span> <span class='ocrx_word' id='word_1_120' title='bbox 3937 1892 4418 2008; x_wconf 21' lang='lat' dir='ltr'><strong>provMissis</strong></span> 
     </span>
     <span class='ocr_line' id='line_1_13' title="bbox 1030 2012 4410 2133; baseline 0 -36"><span class='ocrx_word' id='word_1_121' title='bbox 1030 2012 1548 2101; x_wconf 84' lang='lat' dir='ltr'><strong>celebrandis</strong></span> <span class='ocrx_word' id='word_1_122' title='bbox 1598 2016 1920 2103; x_wconf 89' lang='lat' dir='ltr'><strong>oblatae</strong></span> <span class='ocrx_word' id='word_1_123' title='bbox 1996 2016 2360 2125; x_wconf 86' lang='lat' dir='ltr'><strong>fuerint,</strong></span> <span class='ocrx_word' id='word_1_124' title='bbox 2429 2017 2864 2130; x_wconf 85' lang='lat' dir='ltr'><strong>diligenter</strong></span> <span class='ocrx_word' id='word_1_125' title='bbox 2912 2015 3327 2133; x_wconf 82' lang='lat' dir='ltr'><strong>describat</strong></span> <span class='ocrx_word' id='word_1_126' title='bbox 3402 2020 3486 2103; x_wconf 90' lang='lat' dir='ltr'><strong>in</strong></span> <span class='ocrx_word' id='word_1_127' title='bbox 3555 2017 3896 2103; x_wconf 87' lang='lat' dir='ltr'><strong>Tabella</strong></span> <span class='ocrx_word' id='word_1_128' title='bbox 3954 2015 4410 2120; x_wconf 72' lang='lat' dir='ltr'><strong>sacristiae,</strong></span> 
     </span>
     <span class='ocr_line' id='line_1_14' title="bbox 1028 2133 4413 2226; baseline 0 -8"><span class='ocrx_word' id='word_1_129' title='bbox 1028 2157 1123 2219; x_wconf 90' lang='lat' dir='ltr'><strong>ut</strong></span> <span class='ocrx_word' id='word_1_130' title='bbox 1170 2135 1466 2222; x_wconf 86' lang='lat' dir='ltr'><strong>Missae</strong></span> <span class='ocrx_word' id='word_1_131' title='bbox 1516 2133 1904 2222; x_wconf 90' lang='lat' dir='ltr'><strong>dicantur</strong></span> <span class='ocrx_word' id='word_1_132' title='bbox 1951 2135 2412 2226; x_wconf 87' lang='lat' dir='ltr'><strong>secundnm</strong></span> <span class='ocrx_word' id='word_1_133' title='bbox 2467 2141 3013 2224; x_wconf 88' lang='lat' dir='ltr'><strong>intentionem</strong></span> <span class='ocrx_word' id='word_1_134' title='bbox 3064 2134 3726 2224; x_wconf 87' lang='lat' dir='ltr'><strong>Benefactorum.</strong></span> <span class='ocrx_word' id='word_1_135' title='bbox 3780 2137 3897 2223; x_wconf 91' lang='lat' dir='ltr'><strong>Et</strong></span> <span class='ocrx_word' id='word_1_136' title='bbox 3947 2158 4274 2221; x_wconf 90' lang='lat' dir='ltr'><strong>notetur</strong></span> <span class='ocrx_word' id='word_1_137' title='bbox 4324 2137 4413 2219; x_wconf 89' lang='lat' dir='ltr'><strong>in</strong></span> 
     </span>
     <span class='ocr_line' id='line_1_15' title="bbox 1027 2252 4412 2378; baseline 0 -41"><span class='ocrx_word' id='word_1_138' title='bbox 1027 2255 1296 2359; x_wconf 87' lang='lat' dir='ltr'><strong>libro,</strong></span> <span class='ocrx_word' id='word_1_139' title='bbox 1362 2287 1531 2376; x_wconf 93' lang='lat' dir='ltr'><strong>quo</strong></span> <span class='ocrx_word' id='word_1_140' title='bbox 1595 2254 1763 2364; x_wconf 75' lang='lat' dir='ltr'><strong>die,</strong></span> <span class='ocrx_word' id='word_1_141' title='bbox 1815 2282 1896 2344; x_wconf 91' lang='lat' dir='ltr'><strong>et</strong></span> <span class='ocrx_word' id='word_1_142' title='bbox 1946 2292 1987 2344; x_wconf 90' lang='lat' dir='ltr'><strong>a</strong></span> <span class='ocrx_word' id='word_1_143' title='bbox 2043 2291 2212 2378; x_wconf 89' lang='lat' dir='ltr'><strong>quo</strong></span> <span class='ocrx_word' id='word_1_144' title='bbox 2277 2259 2720 2347; x_wconf 84' lang='lat' dir='ltr'><strong>Sacerdote</strong></span> <span class='ocrx_word' id='word_1_145' title='bbox 2771 2257 3532 2346; x_wconf 82' lang='lat' dir='ltr'><strong>earumdem&#39;oneri</strong></span> <span class='ocrx_word' id='word_1_146' title='bbox 3584 2252 3837 2345; x_wconf 88' lang='lat' dir='ltr'><strong>fuerit</strong></span> <span class='ocrx_word' id='word_1_147' title='bbox 3882 2253 4412 2344; x_wconf 75' lang='lat' dir='ltr'><strong>satisfactum.</strong></span> 
     </span>
     <span class='ocr_line' id='line_1_16' title="bbox 1032 2377 4416 2489; baseline 0.001 -35"><span class='ocrx_word' id='word_1_148' title='bbox 1032 2377 1128 2458; x_wconf 91' lang='lat' dir='ltr'><strong>V.</strong></span> <span class='ocrx_word' id='word_1_149' title='bbox 1175 2378 1522 2489; x_wconf 29' lang='lat' dir='ltr'><strong>,Satagat</strong></span> <span class='ocrx_word' id='word_1_150' title='bbox 1555 2439 1581 2483; x_wconf 95' lang='lat'><strong>,</strong></span> <span class='ocrx_word' id='word_1_151' title='bbox 1635 2399 1730 2461; x_wconf 87' lang='lat' dir='ltr'><strong>nt</strong></span> <span class='ocrx_word' id='word_1_152' title='bbox 1782 2381 2222 2467; x_wconf 87' lang='lat' dir='ltr'><strong>necessaria</strong></span> <span class='ocrx_word' id='word_1_153' title='bbox 2275 2380 2381 2466; x_wconf 90' lang='lat' dir='ltr'><strong>ad</strong></span> <span class='ocrx_word' id='word_1_154' title='bbox 2444 2381 2855 2466; x_wconf 88' lang='lat' dir='ltr'><strong>Divinum</strong></span> <span class='ocrx_word' id='word_1_155' title='bbox 2907 2378 3232 2465; x_wconf 88' lang='lat' dir='ltr'><strong>cultum</strong></span> <span class='ocrx_word' id='word_1_156' title='bbox 3299 2409 3463 2464; x_wconf 90' lang='lat' dir='ltr'><strong>non</strong></span> <span class='ocrx_word' id='word_1_157' title='bbox 3528 2377 3801 2464; x_wconf 87' lang='lat' dir='ltr'><strong>desint</strong></span> <span class='ocrx_word' id='word_1_158' title='bbox 3850 2441 3876 2485; x_wconf 92' lang='lat'><strong>,</strong></span> <span class='ocrx_word' id='word_1_159' title='bbox 3945 2402 4039 2463; x_wconf 90' lang='lat' dir='ltr'><strong>ut</strong></span> <span class='ocrx_word' id='word_1_160' title='bbox 4102 2377 4416 2462; x_wconf 83' lang='lat' dir='ltr'><strong>Altaria</strong></span> 
     </span>
     <span class='ocr_line' id='line_1_17' title="bbox 1024 2494 4420 2618; baseline 0.001 -39"><span class='ocrx_word' id='word_1_161' title='bbox 1024 2501 1189 2581; x_wconf 87' lang='lat' dir='ltr'><strong>sint</strong></span> <span class='ocrx_word' id='word_1_162' title='bbox 1255 2494 1567 2584; x_wconf 88' lang='lat' dir='ltr'><strong>munda</strong></span> <span class='ocrx_word' id='word_1_163' title='bbox 1599 2558 1623 2603; x_wconf 87' lang='lat'><em>‚</em></span> <span class='ocrx_word' id='word_1_164' title='bbox 1676 2522 1758 2585; x_wconf 92' lang='lat' dir='ltr'><strong>et</strong></span> <span class='ocrx_word' id='word_1_165' title='bbox 1805 2500 2022 2586; x_wconf 89' lang='lat' dir='ltr'><strong>bene</strong></span> <span class='ocrx_word' id='word_1_166' title='bbox 2072 2526 2539 2616; x_wconf 77' lang='lat' dir='ltr'><strong>praeparata</strong></span> <span class='ocrx_word' id='word_1_167' title='bbox 2579 2564 2603 2606; x_wconf 93' lang='lat'><strong>,</strong></span> <span class='ocrx_word' id='word_1_168' title='bbox 2672 2524 2921 2618; x_wconf 88' lang='lat' dir='ltr'><strong>atque</strong></span> <span class='ocrx_word' id='word_1_169' title='bbox 2974 2524 3068 2586; x_wconf 90' lang='lat' dir='ltr'><strong>ut</strong></span> <span class='ocrx_word' id='word_1_170' title='bbox 3113 2531 3300 2586; x_wconf 83' lang='lat' dir='ltr'><strong>vasa</strong></span> <span class='ocrx_word' id='word_1_171' title='bbox 3367 2531 3588 2586; x_wconf 89' lang='lat' dir='ltr'><strong>sacra</strong></span> <span class='ocrx_word' id='word_1_172' title='bbox 3627 2562 3652 2606; x_wconf 95' lang='lat'><strong>,</strong></span> <span class='ocrx_word' id='word_1_173' title='bbox 3719 2521 4197 2585; x_wconf 89' lang='lat' dir='ltr'><strong>ornamenta</strong></span> <span class='ocrx_word' id='word_1_174' title='bbox 4239 2563 4265 2604; x_wconf 93' lang='lat'><strong>,</strong></span> <span class='ocrx_word' id='word_1_175' title='bbox 4321 2499 4420 2583; x_wconf 90' lang='lat' dir='ltr'><strong>li-</strong></span> 
     </span>
     <span class='ocr_line' id='line_1_18' title="bbox 1021 2615 4412 2737; baseline 0.001 -39"><span class='ocrx_word' id='word_1_176' title='bbox 1021 2615 1210 2725; x_wconf 83' lang='lat' dir='ltr'><strong>bri,</strong></span> <span class='ocrx_word' id='word_1_177' title='bbox 1281 2639 1366 2705; x_wconf 87' lang='lat' dir='ltr'><strong>et</strong></span> <span class='ocrx_word' id='word_1_178' title='bbox 1414 2640 1682 2704; x_wconf 88' lang='lat' dir='ltr'><strong>cetera</strong></span> <span class='ocrx_word' id='word_1_179' title='bbox 1733 2623 2010 2706; x_wconf 90' lang='lat' dir='ltr'><strong>omnia</strong></span> <span class='ocrx_word' id='word_1_180' title='bbox 2089 2623 2172 2705; x_wconf 92' lang='lat' dir='ltr'><strong>in</strong></span> <span class='ocrx_word' id='word_1_181' title='bbox 2246 2627 2411 2708; x_wconf 88' lang='lat' dir='ltr'><strong>suis</strong></span> <span class='ocrx_word' id='word_1_182' title='bbox 2467 2623 2665 2708; x_wconf 88' lang='lat' dir='ltr'><strong>locis</strong></span> <span class='ocrx_word' id='word_1_183' title='bbox 2726 2646 2912 2737; x_wconf 85' lang='lat' dir='ltr'><strong>apte</strong></span> <span class='ocrx_word' id='word_1_184' title='bbox 2995 2643 3562 2735; x_wconf 85' lang='lat' dir='ltr'><strong>reponantur,</strong></span> <span class='ocrx_word' id='word_1_185' title='bbox 3645 2643 3728 2707; x_wconf 88' lang='lat' dir='ltr'><strong>et</strong></span> <span class='ocrx_word' id='word_1_186' title='bbox 3795 2644 4412 2733; x_wconf 82' lang='lat' dir='ltr'><strong>conserventur.</strong></span> 
     </span>
     <span class='ocr_line' id='line_1_19' title="bbox 1020 2737 4411 2857; baseline 0.001 -37"><span class='ocrx_word' id='word_1_187' title='bbox 1020 2737 1287 2834; x_wconf 82' lang='lat' dir='ltr'><strong>Panni</strong></span> <span class='ocrx_word' id='word_1_188' title='bbox 1352 2768 1639 2825; x_wconf 88' lang='lat' dir='ltr'><strong>omnes</strong></span> <span class='ocrx_word' id='word_1_189' title='bbox 1709 2741 1905 2826; x_wconf 88' lang='lat' dir='ltr'><strong>linei</strong></span> <span class='ocrx_word' id='word_1_190' title='bbox 1957 2770 2280 2857; x_wconf 87' lang='lat' dir='ltr'><strong>semper</strong></span> <span class='ocrx_word' id='word_1_191' title='bbox 2346 2740 2642 2828; x_wconf 88' lang='lat' dir='ltr'><strong>mundi</strong></span> <span class='ocrx_word' id='word_1_192' title='bbox 2706 2748 3190 2848; x_wconf 82' lang='lat' dir='ltr'><strong>serventur,</strong></span> <span class='ocrx_word' id='word_1_193' title='bbox 3244 2764 3329 2827; x_wconf 87' lang='lat' dir='ltr'><strong>et</strong></span> <span class='ocrx_word' id='word_1_194' title='bbox 3376 2744 3812 2854; x_wconf 89' lang='lat' dir='ltr'><strong>separatim</strong></span> <span class='ocrx_word' id='word_1_195' title='bbox 3867 2740 4350 2855; x_wconf 89' lang='lat' dir='ltr'><strong>Corporalia</strong></span> <span class='ocrx_word' id='word_1_196' title='bbox 4386 2803 4411 2845; x_wconf 98' lang='lat'><strong>,</strong></span> 
     </span>
     <span class='ocr_line' id='line_1_20' title="bbox 1020 2857 4420 2979; baseline 0.001 -36"><span class='ocrx_word' id='word_1_197' title='bbox 1020 2882 1106 2943; x_wconf 88' lang='lat' dir='ltr'><strong>et</strong></span> <span class='ocrx_word' id='word_1_198' title='bbox 1172 2857 1737 2946; x_wconf 76' lang='lat' dir='ltr'><strong>purificatoria</strong></span> <span class='ocrx_word' id='word_1_199' title='bbox 1810 2861 2211 2948; x_wconf 88' lang='lat' dir='ltr'><strong>laventur.</strong></span> <span class='ocrx_word' id='word_1_200' title='bbox 2271 2865 2530 2979; x_wconf 87' lang='lat' dir='ltr'><strong>Saepe</strong></span> <span class='ocrx_word' id='word_1_201' title='bbox 2607 2865 2853 2949; x_wconf 83' lang='lat' dir='ltr'><strong>etiam</strong></span> <span class='ocrx_word' id='word_1_202' title='bbox 2907 2894 3032 2950; x_wconf 84' lang='lat' dir='ltr'><strong>res</strong></span> <span class='ocrx_word' id='word_1_203' title='bbox 3090 2864 3605 2977; x_wconf 87' lang='lat' dir='ltr'><strong>pretiosiores</strong></span> <span class='ocrx_word' id='word_1_204' title='bbox 3681 2865 3956 2949; x_wconf 87' lang='lat' dir='ltr'><strong>visitet</strong></span> <span class='ocrx_word' id='word_1_205' title='bbox 4002 2922 4027 2966; x_wconf 94' lang='lat'><strong>,</strong></span> <span class='ocrx_word' id='word_1_206' title='bbox 4099 2892 4205 2947; x_wconf 88' lang='lat' dir='ltr'><strong>ne</strong></span> <span class='ocrx_word' id='word_1_207' title='bbox 4273 2884 4420 2946; x_wconf 89' lang='lat' dir='ltr'><strong>aut</strong></span> 
     </span>
     <span class='ocr_line' id='line_1_21' title="bbox 1018 2977 4414 3098; baseline 0.001 -36"><span class='ocrx_word' id='word_1_208' title='bbox 1018 2977 1456 3079; x_wconf 80' lang='lat' dir='ltr'><strong>laedantur</strong></span> <span class='ocrx_word' id='word_1_209' title='bbox 1493 3043 1516 3085; x_wconf 87' lang='lat'>‚</span> <span class='ocrx_word' id='word_1_210' title='bbox 1582 3003 1727 3067; x_wconf 87' lang='lat' dir='ltr'><strong>aut</strong></span> <span class='ocrx_word' id='word_1_211' title='bbox 1776 2984 2696 3096; x_wconf 86' lang='lat' dir='ltr'><strong>amittantur.·Templi,</strong></span> <span class='ocrx_word' id='word_1_212' title='bbox 2752 3006 3416 3098; x_wconf 83' lang='lat' dir='ltr'><strong>paramentorum</strong></span> <span class='ocrx_word' id='word_1_213' title='bbox 3467 3045 3492 3087; x_wconf 98' lang='lat'><strong>,</strong></span> <span class='ocrx_word' id='word_1_214' title='bbox 3548 2982 3950 3068; x_wconf 88' lang='lat' dir='ltr'><strong>librorum</strong></span> <span class='ocrx_word' id='word_1_215' title='bbox 4018 2985 4414 3093; x_wconf 63' lang='lat' dir='ltr'><strong>instaura·</strong></span> 
     </span>
     <span class='ocr_line' id='line_1_22' title="bbox 1018 3101 4417 3218; baseline 0.001 -35"><span class='ocrx_word' id='word_1_216' title='bbox 1018 3101 1283 3185; x_wconf 86' lang='lat' dir='ltr'><strong>tiones</strong></span> <span class='ocrx_word' id='word_1_217' title='bbox 1331 3116 1623 3206; x_wconf 85' lang='lat' dir='ltr'><strong>curet,</strong></span> <span class='ocrx_word' id='word_1_218' title='bbox 1688 3105 1902 3188; x_wconf 89' lang='lat' dir='ltr'><strong>sicut</strong></span> <span class='ocrx_word' id='word_1_219' title='bbox 1969 3104 2075 3188; x_wconf 91' lang='lat' dir='ltr'><strong>ab</strong></span> <span class='ocrx_word' id='word_1_220' title='bbox 2161 3105 2491 3191; x_wconf 89' lang='lat' dir='ltr'><strong>Abbate</strong></span> <span class='ocrx_word' id='word_1_221' title='bbox 2543 3103 2793 3190; x_wconf 87' lang='lat' dir='ltr'><strong>fuerit</strong></span> <span class='ocrx_word' id='word_1_222' title='bbox 2844 3106 3459 3218; x_wconf 86' lang='lat' dir='ltr'><strong>praescriptum.</strong></span> <span class='ocrx_word' id='word_1_223' title='bbox 3549 3101 3780 3188; x_wconf 88' lang='lat' dir='ltr'><strong>Nihil</strong></span> <span class='ocrx_word' id='word_1_224' title='bbox 3855 3133 4056 3189; x_wconf 87' lang='lat' dir='ltr'><strong>vero</strong></span> <span class='ocrx_word' id='word_1_225' title='bbox 4125 3132 4417 3187; x_wconf 89' lang='lat' dir='ltr'><strong>eorum</strong></span> 
     </span>
     <span class='ocr_line' id='line_1_23' title="bbox 1018 3219 4414 3339; baseline 0 -35"><span class='ocrx_word' id='word_1_226' title='bbox 1018 3219 1445 3309; x_wconf 82' lang='lat' dir='ltr'><strong>extrahere</strong></span> <span class='ocrx_word' id='word_1_227' title='bbox 1496 3254 1542 3307; x_wconf 90' lang='lat' dir='ltr'><strong>e</strong></span> <span class='ocrx_word' id='word_1_228' title='bbox 1591 3223 2094 3310; x_wconf 86' lang='lat' dir='ltr'><strong>Monasterio</strong></span> <span class='ocrx_word' id='word_1_229' title='bbox 2131 3288 2153 3330; x_wconf 91' lang='lat'>‚</span> <span class='ocrx_word' id='word_1_230' title='bbox 2211 3248 2354 3310; x_wconf 88' lang='lat' dir='ltr'><strong>aut</strong></span> <span class='ocrx_word' id='word_1_231' title='bbox 2419 3228 2775 3339; x_wconf 88' lang='lat' dir='ltr'><strong>cuipiam</strong></span> <span class='ocrx_word' id='word_1_232' title='bbox 2832 3225 3064 3311; x_wconf 89' lang='lat' dir='ltr'><strong>alteri</strong></span> <span class='ocrx_word' id='word_1_233' title='bbox 3117 3224 3540 3309; x_wconf 88' lang='lat' dir='ltr'><strong>Ecclesiae</strong></span> <span class='ocrx_word' id='word_1_234' title='bbox 3574 3289 3603 3327; x_wconf 90' lang='lat'><strong>,</strong></span> <span class='ocrx_word' id='word_1_235' title='bbox 3663 3222 3795 3320; x_wconf 88' lang='lat' dir='ltr'><strong>vel</strong></span> <span class='ocrx_word' id='word_1_236' title='bbox 3849 3220 4351 3308; x_wconf 74' lang='lat' dir='ltr'><strong>Mon&#39;asterio</strong></span> <span class='ocrx_word' id='word_1_237' title='bbox 4385 3287 4414 3325; x_wconf 92' lang='lat'><strong>,</strong></span> 
     </span>
     <span class='ocr_line' id='line_1_24' title="bbox 1017 3341 4414 3459; baseline 0.002 -38"><span class='ocrx_word' id='word_1_238' title='bbox 1017 3342 1264 3425; x_wconf 79' lang='lat' dir='ltr'><strong>etiam</strong></span> <span class='ocrx_word' id='word_1_239' title='bbox 1315 3366 1640 3429; x_wconf 68' lang='lat' dir='ltr'><strong>&#39;nostrae</strong></span> <span class='ocrx_word' id='word_1_240' title='bbox 1691 3341 2369 3454; x_wconf 82' lang='lat' dir='ltr'><strong>Congregationis</strong></span> <span class='ocrx_word' id='word_1_241' title='bbox 2399 3408 2422 3452; x_wconf 89' lang='lat'>‚</span> <span class='ocrx_word' id='word_1_242' title='bbox 2491 3341 3015 3432; x_wconf 85' lang='lat' dir='ltr'><strong>commodare</strong></span> <span class='ocrx_word' id='word_1_243' title='bbox 3063 3349 3367 3459; x_wconf 85' lang='lat' dir='ltr'><strong>poterit</strong></span> <span class='ocrx_word' id='word_1_244' title='bbox 3415 3407 3441 3448; x_wconf 84' lang='lat'><strong>,</strong></span> <span class='ocrx_word' id='word_1_245' title='bbox 3507 3346 3683 3430; x_wconf 87' lang='lat' dir='ltr'><strong>sine</strong></span> <span class='ocrx_word' id='word_1_246' title='bbox 3736 3342 4414 3454; x_wconf 79' lang='lat' dir='ltr'><strong>congregationis</strong></span> 
     </span>
     <span class='ocr_line' id='line_1_25' title="bbox 1017 3456 4418 3579; baseline 0.002 -36"><span class='ocrx_word' id='word_1_247' title='bbox 1017 3456 1625 3551; x_wconf 81' lang='lat' dir='ltr'><strong>Monachorum</strong></span> <span class='ocrx_word' id='word_1_248' title='bbox 1705 3461 2055 3549; x_wconf 88' lang='lat' dir='ltr'><strong>licentia.</strong></span> <span class='ocrx_word' id='word_1_249' title='bbox 2137 3466 2284 3550; x_wconf 81' lang='lat' dir='ltr'><strong>VI.</strong></span> <span class='ocrx_word' id='word_1_250' title='bbox 2366 3464 2536 3552; x_wconf 88' lang='lat' dir='ltr'><strong>Det</strong></span> <span class='ocrx_word' id='word_1_251' title='bbox 2596 3496 2930 3579; x_wconf 88' lang='lat' dir='ltr'><strong>operam</strong></span> <span class='ocrx_word' id='word_1_252' title='bbox 2968 3529 2993 3571; x_wconf 98' lang='lat'><strong>,</strong></span> <span class='ocrx_word' id='word_1_253' title='bbox 3059 3488 3156 3549; x_wconf 89' lang='lat' dir='ltr'><strong>ut</strong></span> <span class='ocrx_word' id='word_1_254' title='bbox 3220 3463 3455 3549; x_wconf 90' lang='lat' dir='ltr'><strong>nullo</strong></span> <span class='ocrx_word' id='word_1_255' title='bbox 3519 3460 3770 3548; x_wconf 90' lang='lat' dir='ltr'><strong>modo</strong></span> <span class='ocrx_word' id='word_1_256' title='bbox 3820 3466 4129 3548; x_wconf 84' lang='lat' dir='ltr'><strong>lumen</strong></span> <span class='ocrx_word' id='word_1_257' title='bbox 4202 3459 4418 3549; x_wconf 89' lang='lat' dir='ltr'><strong>desit</strong></span> 
     </span>
     <span class='ocr_line' id='line_1_26' title="bbox 1018 3582 4402 3704; baseline 0.001 -38"><span class='ocrx_word' id='word_1_258' title='bbox 1018 3603 1208 3667; x_wconf 87' lang='lat' dir='ltr'><strong>ante</strong></span> <span class='ocrx_word' id='word_1_259' title='bbox 1253 3582 1913 3669; x_wconf 69' lang='lat' dir='ltr'><strong>sanctissimum</strong></span> <span class='ocrx_word' id='word_1_260' title='bbox 1964 3584 2537 3673; x_wconf 80' lang='lat' dir='ltr'><strong>Eucharistiae</strong></span> <span class='ocrx_word' id='word_1_261' title='bbox 2592 3587 3212 3672; x_wconf 85' lang='lat' dir='ltr'><strong>Sacramentum</strong></span> <span class='ocrx_word' id='word_1_262' title='bbox 3245 3646 3269 3691; x_wconf 91' lang='lat'><strong>,</strong></span> <span class='ocrx_word' id='word_1_263' title='bbox 3328 3615 3601 3704; x_wconf 89' lang='lat' dir='ltr'><strong>neque</strong></span> <span class='ocrx_word' id='word_1_264' title='bbox 3651 3582 4057 3687; x_wconf 91' lang='lat' dir='ltr'><strong>interdiu,</strong></span> <span class='ocrx_word' id='word_1_265' title='bbox 4128 3613 4402 3700; x_wconf 86' lang='lat' dir='ltr'><strong>neque</strong></span> 
     </span>
     <span class='ocr_line' id='line_1_27' title="bbox 1023 3698 4415 3818; baseline 0.001 -35"><span class='ocrx_word' id='word_1_266' title='bbox 1023 3725 1273 3787; x_wconf 89' lang='lat' dir='ltr'><strong>noctu</strong></span> <span class='ocrx_word' id='word_1_267' title='bbox 1314 3766 1340 3809; x_wconf 95' lang='lat'><strong>,</strong></span> <span class='ocrx_word' id='word_1_268' title='bbox 1395 3705 1539 3788; x_wconf 88' lang='lat' dir='ltr'><strong>ubi</strong></span> <span class='ocrx_word' id='word_1_269' title='bbox 1593 3698 1803 3789; x_wconf 86' lang='lat' dir='ltr'><strong>illud</strong></span> <span class='ocrx_word' id='word_1_270' title='bbox 1868 3709 2261 3795; x_wconf 89' lang='lat' dir='ltr'><strong>asservari</strong></span> <span class='ocrx_word' id='word_1_271' title='bbox 2312 3709 2768 3817; x_wconf 86' lang='lat' dir='ltr'><strong>contigerit.</strong></span> <span class='ocrx_word' id='word_1_272' title='bbox 2847 3704 3157 3792; x_wconf 89' lang='lat' dir='ltr'><strong>Oleum</strong></span> <span class='ocrx_word' id='word_1_273' title='bbox 3222 3705 3618 3791; x_wconf 90' lang='lat' dir='ltr'><strong>Sanctum</strong></span> <span class='ocrx_word' id='word_1_274' title='bbox 3654 3768 3680 3812; x_wconf 94' lang='lat'><strong>,</strong></span> <span class='ocrx_word' id='word_1_275' title='bbox 3734 3729 3829 3791; x_wconf 90' lang='lat' dir='ltr'><strong>ut</strong></span> <span class='ocrx_word' id='word_1_276' title='bbox 3864 3727 4234 3818; x_wconf 87' lang='lat' dir='ltr'><strong>oportet,</strong></span> <span class='ocrx_word' id='word_1_277' title='bbox 4288 3734 4415 3787; x_wconf 81' lang='lat' dir='ltr'><strong>aa·</strong></span> 
     </span>
     <span class='ocr_line' id='line_1_28' title="bbox 1016 3823 4405 3943; baseline 0.001 -38"><span class='ocrx_word' id='word_1_278' title='bbox 1016 3838 1428 3911; x_wconf 84' lang='lat' dir='ltr'><strong>servatum</strong></span> <span class='ocrx_word' id='word_1_279' title='bbox 1478 3827 1821 3935; x_wconf 89' lang='lat' dir='ltr'><strong>singulis</strong></span> <span class='ocrx_word' id='word_1_280' title='bbox 1872 3831 2105 3911; x_wconf 89' lang='lat' dir='ltr'><strong>annis</strong></span> <span class='ocrx_word' id='word_1_281' title='bbox 2171 3823 2743 3914; x_wconf 84' lang='lat' dir='ltr'><strong>renovandum</strong></span> <span class='ocrx_word' id='word_1_282' title='bbox 2813 3852 3105 3939; x_wconf 64' lang='lat' dir='ltr'><strong>curet,</strong></span> <span class='ocrx_word' id='word_1_283' title='bbox 3168 3849 3251 3912; x_wconf 90' lang='lat' dir='ltr'><strong>et</strong></span> <span class='ocrx_word' id='word_1_284' title='bbox 3303 3825 3795 3917; x_wconf 84' lang='lat' dir='ltr'><strong>Sanctorum</strong></span> <span class='ocrx_word' id='word_1_285' title='bbox 3866 3826 4248 3943; x_wconf 83' lang='lat' dir='ltr'><strong>reliquias</strong></span> <span class='ocrx_word' id='word_1_286' title='bbox 4320 3825 4405 3907; x_wconf 88' lang='lat' dir='ltr'><strong>in</strong></span> 
     </span>
     <span class='ocr_line' id='line_1_29' title="bbox 1016 3939 4418 4065; baseline 0.001 -38"><span class='ocrx_word' id='word_1_287' title='bbox 1016 3939 1379 4055; x_wconf 83' lang='lat' dir='ltr'><strong>Vasculo</strong></span> <span class='ocrx_word' id='word_1_288' title='bbox 1430 3942 1672 4032; x_wconf 83' lang='lat' dir='ltr'><strong>adid</strong></span> <span class='ocrx_word' id='word_1_289' title='bbox 1722 3945 2120 4061; x_wconf 83' lang='lat' dir='ltr'><strong>deputato</strong></span> <span class='ocrx_word' id='word_1_290' title='bbox 2184 3945 2579 4034; x_wconf 89' lang='lat' dir='ltr'><strong>decenter</strong></span> <span class='ocrx_word' id='word_1_291' title='bbox 2640 3947 3070 4034; x_wconf 86' lang='lat' dir='ltr'><strong>custodiat.</strong></span> <span class='ocrx_word' id='word_1_292' title='bbox 3141 3947 3227 4032; x_wconf 90' lang='lat' dir='ltr'><strong>Si</strong></span> <span class='ocrx_word' id='word_1_293' title='bbox 3290 3944 3628 4065; x_wconf 86' lang='lat' dir='ltr'><strong>quando</strong></span> <span class='ocrx_word' id='word_1_294' title='bbox 3703 3969 3981 4034; x_wconf 88' lang='lat' dir='ltr'><strong>autem</strong></span> <span class='ocrx_word' id='word_1_295' title='bbox 4047 3942 4418 4032; x_wconf 85' lang='lat' dir='ltr'><strong>devotio·</strong></span> 
     </span>
     <span class='ocr_line' id='line_1_30' title="bbox 1013 4064 4410 4171; baseline 0.001 -25"><span class='ocrx_word' id='word_1_296' title='bbox 1013 4066 1145 4147; x_wconf 87' lang='lat' dir='ltr'><strong>nis</strong></span> <span class='ocrx_word' id='word_1_297' title='bbox 1197 4097 1437 4153; x_wconf 88' lang='lat' dir='ltr'><strong>causa</strong></span> <span class='ocrx_word' id='word_1_298' title='bbox 1487 4065 2046 4155; x_wconf 87' lang='lat' dir='ltr'><strong>ostendendae</strong></span> <span class='ocrx_word' id='word_1_299' title='bbox 2095 4092 2423 4171; x_wconf 83' lang='lat' dir='ltr'><strong>erunt,.</strong></span> <span class='ocrx_word' id='word_1_300' title='bbox 2463 4066 2633 4154; x_wconf 85' lang='lat' dir='ltr'><strong>dno</strong></span> <span class='ocrx_word' id='word_1_301' title='bbox 2701 4068 2913 4155; x_wconf 83' lang='lat' dir='ltr'><strong>nerei</strong></span> <span class='ocrx_word' id='word_1_302' title='bbox 2966 4064 3551 4157; x_wconf 84' lang='lat' dir='ltr'><strong>accendantur.</strong></span> <span class='ocrx_word' id='word_1_303' title='bbox 3632 4064 3823 4152; x_wconf 86' lang='lat' dir='ltr'><strong>VII.</strong></span> <span class='ocrx_word' id='word_1_304' title='bbox 3903 4067 4168 4153; x_wconf 89' lang='lat' dir='ltr'><strong>Curet</strong></span> <span class='ocrx_word' id='word_1_305' title='bbox 4217 4127 4246 4168; x_wconf 90' lang='lat'><strong>,</strong></span> <span class='ocrx_word' id='word_1_306' title='bbox 4312 4089 4410 4151; x_wconf 89' lang='lat' dir='ltr'><strong>ut</strong></span> 
     </span>
     <span class='ocr_line' id='line_1_31' title="bbox 1018 4183 4451 4303; baseline 0 -35"><span class='ocrx_word' id='word_1_307' title='bbox 1018 4185 1359 4301; x_wconf 63' lang='lat' dir='ltr'><strong>Hostiae</strong></span> <span class='ocrx_word' id='word_1_308' title='bbox 1420 4187 1784 4277; x_wconf 88' lang='lat' dir='ltr'><strong>mundae</strong></span> <span class='ocrx_word' id='word_1_309' title='bbox 1833 4194 1997 4274; x_wconf 90' lang='lat' dir='ltr'><strong>sint</strong></span> <span class='ocrx_word' id='word_1_310' title='bbox 2030 4250 2055 4296; x_wconf 96' lang='lat'><strong>,</strong></span> <span class='ocrx_word' id='word_1_311' title='bbox 2109 4213 2193 4276; x_wconf 89' lang='lat' dir='ltr'><strong>et</strong></span> <span class='ocrx_word' id='word_1_312' title='bbox 2243 4194 2325 4274; x_wconf 90' lang='lat' dir='ltr'><strong>in</strong></span> <span class='ocrx_word' id='word_1_313' title='bbox 2382 4221 2569 4277; x_wconf 87' lang='lat' dir='ltr'><strong>vase</strong></span> <span class='ocrx_word' id='word_1_314' title='bbox 2618 4188 2944 4277; x_wconf 88' lang='lat' dir='ltr'><strong>decenti</strong></span> <span class='ocrx_word' id='word_1_315' title='bbox 2999 4188 3418 4303; x_wconf 86' lang='lat' dir='ltr'><strong>repositae.</strong></span> <span class='ocrx_word' id='word_1_316' title='bbox 3477 4187 3685 4273; x_wconf 87' lang='lat' dir='ltr'><strong>Item</strong></span> <span class='ocrx_word' id='word_1_317' title='bbox 3763 4189 4105 4292; x_wconf 86' lang='lat' dir='ltr'><strong>Vinum,</strong></span> <span class='ocrx_word' id='word_1_318' title='bbox 4174 4183 4403 4302; x_wconf 87' lang='lat' dir='ltr'><strong>quod</strong></span> <span class='ocrx_word' id='word_1_319' title='bbox 4450 4250 4451 4255; x_wconf 10' lang='grc' dir='ltr'><strong><em>Ν</em></strong></span> 
     </span>
     <span class='ocr_line' id='line_1_32' title="bbox 1017 4305 4411 4428; baseline 0 -37"><span class='ocrx_word' id='word_1_320' title='bbox 1017 4305 1124 4391; x_wconf 91' lang='lat' dir='ltr'><strong>ad</strong></span> <span class='ocrx_word' id='word_1_321' title='bbox 1175 4305 1716 4398; x_wconf 74' lang='lat' dir='ltr'><strong>&#39;Sacrificium‘</strong></span> <span class='ocrx_word' id='word_1_322' title='bbox 1766 4333 2099 4423; x_wconf 90' lang='lat' dir='ltr'><strong>paratur</strong></span> <span class='ocrx_word' id='word_1_323' title='bbox 2135 4373 2158 4417; x_wconf 92' lang='lat'><strong>,</strong></span> <span class='ocrx_word' id='word_1_324' title='bbox 2242 4316 2346 4396; x_wconf 87' lang='lat' dir='ltr'><strong>sit</strong></span> <span class='ocrx_word' id='word_1_325' title='bbox 2407 4311 2721 4396; x_wconf 87' lang='lat' dir='ltr'><strong>bonurn</strong></span> <span class='ocrx_word' id='word_1_326' title='bbox 2757 4334 2929 4416; x_wconf 83' lang='lat' dir='ltr'><strong>,et</strong></span> <span class='ocrx_word' id='word_1_327' title='bbox 2979 4332 3297 4396; x_wconf 86' lang='lat' dir='ltr'><strong>merum</strong></span> <span class='ocrx_word' id='word_1_328' title='bbox 3347 4371 3376 4411; x_wconf 89' lang='lat'><strong>,</strong></span> <span class='ocrx_word' id='word_1_329' title='bbox 3442 4338 3708 4428; x_wconf 79' lang='lat' dir='ltr'><strong>eoque</strong></span> <span class='ocrx_word' id='word_1_330' title='bbox 3754 4310 3934 4423; x_wconf 89' lang='lat' dir='ltr'><strong>ipso</strong></span> <span class='ocrx_word' id='word_1_331' title='bbox 3986 4306 4123 4394; x_wconf 89' lang='lat' dir='ltr'><strong>die</strong></span> <span class='ocrx_word' id='word_1_332' title='bbox 4207 4305 4411 4391; x_wconf 79' lang='lat' dir='ltr'><strong>hau·</strong></span> 
     </span>
     <span class='ocr_line' id='line_1_33' title="bbox 1017 4423 4497 4549; baseline -0.001 -38"><span class='ocrx_word' id='word_1_333' title='bbox 1017 4449 1236 4511; x_wconf 85' lang='lat' dir='ltr'><strong>stum</strong></span> <span class='ocrx_word' id='word_1_334' title='bbox 1279 4460 1298 4510; x_wconf 71' lang='grc' dir='ltr'><strong><em>ε</em></strong></span> <span class='ocrx_word' id='word_1_335' title='bbox 1361 4430 1737 4518; x_wconf 86' lang='lat' dir='ltr'><strong>similiter</strong></span> <span class='ocrx_word' id='word_1_336' title='bbox 1799 4455 2137 4549; x_wconf 7' lang='lat' dir='ltr'><strong>etbaqua</strong></span> <span class='ocrx_word' id='word_1_337' title='bbox 2177 4494 2201 4535; x_wconf 94' lang='lat'><strong>,</strong></span> <span class='ocrx_word' id='word_1_338' title='bbox 2265 4457 2350 4518; x_wconf 90' lang='lat' dir='ltr'><strong>et</strong></span> <span class='ocrx_word' id='word_1_339' title='bbox 2398 4432 2810 4547; x_wconf 88' lang='lat' dir='ltr'><strong>ampullae</strong></span> <span class='ocrx_word' id='word_1_340' title='bbox 2857 4434 3023 4516; x_wconf 88' lang='lat' dir='ltr'><strong>sint</strong></span> <span class='ocrx_word' id='word_1_341' title='bbox 3068 4424 3493 4514; x_wconf 86' lang='lat' dir='ltr'><strong>mundae:</strong></span> <span class='ocrx_word' id='word_1_342' title='bbox 3563 4453 3646 4514; x_wconf 93' lang='lat' dir='ltr'><strong>et</strong></span> <span class='ocrx_word' id='word_1_343' title='bbox 3699 4427 4118 4514; x_wconf 86' lang='lat' dir='ltr'><strong>thuribula</strong></span> <span class='ocrx_word' id='word_1_344' title='bbox 4174 4423 4405 4512; x_wconf 91' lang='lat' dir='ltr'><strong>iden·</strong></span> <span class='ocrx_word' id='word_1_345' title='bbox 4486 4496 4497 4507; x_wconf 95' lang='lat'><strong>.</strong></span> 
     </span>
     <span class='ocr_line' id='line_1_34' title="bbox 1021 4544 4408 4663; baseline 0 -33"><span class='ocrx_word' id='word_1_346' title='bbox 1021 4544 1274 4633; x_wconf 89' lang='lat' dir='ltr'><strong>tidem</strong></span> <span class='ocrx_word' id='word_1_347' title='bbox 1326 4582 1368 4633; x_wconf 90' lang='lat' dir='ltr'><strong>a</strong></span> <span class='ocrx_word' id='word_1_348' title='bbox 1405 4546 1753 4660; x_wconf 82' lang='lat' dir='ltr'><strong>fuligine</strong></span> <span class='ocrx_word' id='word_1_349' title='bbox 1821 4556 2226 4663; x_wconf 83' lang='lat' dir='ltr'><strong>extergat.·</strong></span> <span class='ocrx_word' id='word_1_350' title='bbox 2276 4553 2505 4637; x_wconf 87' lang='lat' dir='ltr'><strong>Vlll.</strong></span> <span class='ocrx_word' id='word_1_351' title='bbox 2589 4552 2987 4663; x_wconf 87' lang='lat' dir='ltr'><strong>Qualibet</strong></span> <span class='ocrx_word' id='word_1_352' title='bbox 3037 4545 3561 4636; x_wconf 82' lang='lat' dir='ltr'><strong>bebdomada</strong></span> <span class='ocrx_word' id='word_1_353' title='bbox 3626 4550 4086 4658; x_wconf 85' lang='lat' dir='ltr'><strong>catalogum</strong></span> <span class='ocrx_word' id='word_1_354' title='bbox 4151 4545 4408 4632; x_wconf 84' lang='lat' dir='ltr'><strong>confi·</strong></span> 
     </span>
     <span class='ocr_line' id='line_1_35' title="bbox 1018 4664 4400 4788; baseline 0 -37"><span class='ocrx_word' id='word_1_355' title='bbox 1018 4670 1230 4772; x_wconf 90' lang='lat' dir='ltr'><strong>ciat,</strong></span> <span class='ocrx_word' id='word_1_356' title='bbox 1299 4698 1467 4786; x_wconf 92' lang='lat' dir='ltr'><strong>quo</strong></span> <span class='ocrx_word' id='word_1_357' title='bbox 1519 4667 1694 4757; x_wconf 89' lang='lat' dir='ltr'><strong>dies</strong></span> <span class='ocrx_word' id='word_1_358' title='bbox 1746 4670 1956 4778; x_wconf 85' lang='lat' dir='ltr'><strong>festi,</strong></span> <span class='ocrx_word' id='word_1_359' title='bbox 2010 4678 2105 4758; x_wconf 75' lang='lat' dir='ltr'><strong>a&#39;c</strong></span> <span class='ocrx_word' id='word_1_360' title='bbox 2153 4676 2661 4788; x_wconf 85' lang='lat' dir='ltr'><strong>jejuniorum</strong></span> <span class='ocrx_word' id='word_1_361' title='bbox 2715 4674 3124 4788; x_wconf 87' lang='lat' dir='ltr'><strong>proximae</strong></span> <span class='ocrx_word' id='word_1_362' title='bbox 3174 4664 3748 4788; x_wconf 82' lang='lat' dir='ltr'><strong>hebdomadae</strong></span> <span class='ocrx_word' id='word_1_363' title='bbox 3797 4667 4400 4776; x_wconf 87' lang='lat' dir='ltr'><strong>describantur,</strong></span> 
     </span>
     <span class='ocr_line' id='line_1_36' title="bbox 1013 4786 4402 4911; baseline 0.001 -39"><span class='ocrx_word' id='word_1_364' title='bbox 1013 4790 1102 4872; x_wconf 83' lang='lat' dir='ltr'><strong>et</strong></span> <span class='ocrx_word' id='word_1_365' title='bbox 1149 4786 1399 4874; x_wconf 89' lang='lat' dir='ltr'><strong>horae</strong></span> <span class='ocrx_word' id='word_1_366' title='bbox 1448 4793 1884 4878; x_wconf 85' lang='lat' dir='ltr'><strong>Missarum</strong></span> <span class='ocrx_word' id='word_1_367' title='bbox 1938 4796 2150 4880; x_wconf 90' lang='lat' dir='ltr'><strong>inter</strong></span> <span class='ocrx_word' id='word_1_368' title='bbox 2201 4793 2680 4911; x_wconf 79' lang='lat' dir='ltr'><strong>Sacerdotes</strong></span> <span class='ocrx_word' id='word_1_369' title='bbox 2748 4791 3408 4878; x_wconf 77' lang='lat' dir='ltr'><strong>distribuantur-z</strong></span> <span class='ocrx_word' id='word_1_370' title='bbox 3476 4791 3721 4889; x_wconf 76' lang='lat' dir='ltr'><strong>vices</strong></span> <span class='ocrx_word' id='word_1_371' title='bbox 3785 4820 4122 4908; x_wconf 87' lang='lat' dir='ltr'><strong>quoque</strong></span> <span class='ocrx_word' id='word_1_372' title='bbox 4173 4788 4402 4875; x_wconf 62' lang='lat' dir='ltr'><strong>Hebss</strong></span> 
     </span>
     <span class='ocr_line' id='line_1_37' title="bbox 1015 4906 4396 5034; baseline 0.001 -43"><span class='ocrx_word' id='word_1_373' title='bbox 1015 4906 1713 5024; x_wconf 82' lang='lat' dir='ltr'><strong>domadariorum,</strong></span> <span class='ocrx_word' id='word_1_374' title='bbox 1767 4914 2510 5034; x_wconf 87' lang='lat' dir='ltr'><strong>Ministrorumque</strong></span> <span class='ocrx_word' id='word_1_375' title='bbox 2560 4938 2727 5025; x_wconf 80' lang='lat' dir='ltr'><strong>tam</strong></span> <span class='ocrx_word' id='word_1_376' title='bbox 2775 4916 2861 5024; x_wconf 78' lang='lat' dir='ltr'><strong>in</strong></span> <span class='ocrx_word' id='word_1_377' title='bbox 2912 4911 3243 4998; x_wconf 86' lang='lat' dir='ltr'><strong>Divinis</strong></span> <span class='ocrx_word' id='word_1_378' title='bbox 3293 4906 3670 5015; x_wconf 85' lang='lat' dir='ltr'><strong>Officiis,</strong></span> <span class='ocrx_word' id='word_1_379' title='bbox 3710 4940 3961 5030; x_wconf 87' lang='lat' dir='ltr'><strong>quam</strong></span> <span class='ocrx_word' id='word_1_380' title='bbox 4013 4910 4396 5001; x_wconf 60' lang='lat' dir='ltr'><strong>inmissa</strong></span> 
     </span>
     <span class='ocr_line' id='line_1_38' title="bbox 1015 5029 4413 5151; baseline 0.001 -37"><span class='ocrx_word' id='word_1_381' title='bbox 1015 5029 1363 5115; x_wconf 88' lang='lat' dir='ltr'><strong>solemni</strong></span> <span class='ocrx_word' id='word_1_382' title='bbox 1420 5033 1911 5122; x_wconf 87' lang='lat' dir='ltr'><strong>celebranda</strong></span> <span class='ocrx_word' id='word_1_383' title='bbox 1981 5057 2395 5123; x_wconf 77' lang='lat' dir='ltr'><strong>notentur.</strong></span> <span class='ocrx_word' id='word_1_384' title='bbox 2461 5037 2685 5122; x_wconf 91' lang='lat' dir='ltr'><strong>Eum</strong></span> <span class='ocrx_word' id='word_1_385' title='bbox 2735 5064 2983 5151; x_wconf 85' lang='lat' dir='ltr'><strong>porro</strong></span> <span class='ocrx_word' id='word_1_386' title='bbox 3049 5030 3515 5143; x_wconf 84' lang='lat' dir='ltr'><strong>catalogum</strong></span> <span class='ocrx_word' id='word_1_387' title='bbox 3585 5030 3694 5116; x_wconf 89' lang='lat' dir='ltr'><strong>ab</strong></span> <span class='ocrx_word' id='word_1_388' title='bbox 3760 5031 4092 5117; x_wconf 86' lang='lat' dir='ltr'><strong>Abbate</strong></span> <span class='ocrx_word' id='word_1_389' title='bbox 4138 5095 4170 5136; x_wconf 90' lang='lat'><strong>,</strong></span> <span class='ocrx_word' id='word_1_390' title='bbox 4252 5062 4413 5119; x_wconf 85' lang='lat' dir='ltr'><strong>seu·</strong></span> 
     </span>
     <span class='ocr_line' id='line_1_39' title="bbox 1012 5149 4393 5271; baseline 0.001 -36"><span class='ocrx_word' id='word_1_391' title='bbox 1012 5151 1193 5263; x_wconf 87' lang='lat' dir='ltr'><strong>ejus</strong></span> <span class='ocrx_word' id='word_1_392' title='bbox 1258 5153 1602 5240; x_wconf 84' lang='lat' dir='ltr'><strong>Vicario</strong></span> <span class='ocrx_word' id='word_1_393' title='bbox 1641 5157 2186 5271; x_wconf 86' lang='lat' dir='ltr'><strong>approbatum</strong></span> <span class='ocrx_word' id='word_1_394' title='bbox 2241 5160 2322 5243; x_wconf 90' lang='lat' dir='ltr'><strong>in</strong></span> <span class='ocrx_word' id='word_1_395' title='bbox 2390 5158 2575 5243; x_wconf 92' lang='lat' dir='ltr'><strong>loco</strong></span> <span class='ocrx_word' id='word_1_396' title='bbox 2624 5156 2935 5270; x_wconf 90' lang='lat' dir='ltr'><strong>patenti</strong></span> <span class='ocrx_word' id='word_1_397' title='bbox 3019 5150 3299 5263; x_wconf 85' lang='lat' dir='ltr'><strong>affigat</strong></span> <span class='ocrx_word' id='word_1_398' title='bbox 3346 5215 3370 5260; x_wconf 92' lang='lat'><strong>,</strong></span> <span class='ocrx_word' id='word_1_399' title='bbox 3426 5174 3568 5236; x_wconf 91' lang='lat' dir='ltr'><strong>aut</strong></span> <span class='ocrx_word' id='word_1_400' title='bbox 3615 5153 3703 5235; x_wconf 91' lang='lat' dir='ltr'><strong>in</strong></span> <span class='ocrx_word' id='word_1_401' title='bbox 3757 5149 4222 5239; x_wconf 82' lang='lat' dir='ltr'><strong>Refectorio</strong></span> <span class='ocrx_word' id='word_1_402' title='bbox 4271 5184 4393 5240; x_wconf 87' lang='lat' dir='ltr'><strong>re·</strong></span> 
     </span>
     <span class='ocr_line' id='line_1_40' title="bbox 1014 5269 4398 5392; baseline 0.001 -36"><span class='ocrx_word' id='word_1_403' title='bbox 1014 5269 1446 5359; x_wconf 87' lang='lat' dir='ltr'><strong>citandum</strong></span> <span class='ocrx_word' id='word_1_404' title='bbox 1518 5303 1752 5365; x_wconf 87' lang='lat' dir='ltr'><strong>curet</strong></span> <span class='ocrx_word' id='word_1_405' title='bbox 1800 5280 1883 5363; x_wconf 91' lang='lat' dir='ltr'><strong>in</strong></span> <span class='ocrx_word' id='word_1_406' title='bbox 1952 5276 2301 5392; x_wconf 89' lang='lat' dir='ltr'><strong>prandio</strong></span> <span class='ocrx_word' id='word_1_407' title='bbox 2353 5279 2715 5364; x_wconf 90' lang='lat' dir='ltr'><strong>Sabbati.</strong></span> <span class='ocrx_word' id='word_1_408' title='bbox 2780 5276 2952 5361; x_wconf 91' lang='lat' dir='ltr'><strong>Det</strong></span> <span class='ocrx_word' id='word_1_409' title='bbox 3006 5297 3282 5361; x_wconf 86' lang='lat' dir='ltr'><strong>autem</strong></span> <span class='ocrx_word' id='word_1_410' title='bbox 3359 5302 3691 5387; x_wconf 90' lang='lat' dir='ltr'><strong>operam</strong></span> <span class='ocrx_word' id='word_1_411' title='bbox 3739 5334 3765 5377; x_wconf 94' lang='lat'><strong>,</strong></span> <span class='ocrx_word' id='word_1_412' title='bbox 3832 5302 3939 5358; x_wconf 88' lang='lat' dir='ltr'><strong>ne</strong></span> <span class='ocrx_word' id='word_1_413' title='bbox 3985 5273 4224 5388; x_wconf 90' lang='lat' dir='ltr'><strong>plura</strong></span> <span class='ocrx_word' id='word_1_414' title='bbox 4292 5275 4398 5358; x_wconf 85' lang='lat' dir='ltr'><strong>si·</strong></span> 
     </span>
     <span class='ocr_line' id='line_1_41' title="bbox 1011 5386 4391 5509; baseline 0 -33"><span class='ocrx_word' id='word_1_415' title='bbox 1011 5393 1190 5478; x_wconf 86' lang='lat' dir='ltr'><strong>mul</strong></span> <span class='ocrx_word' id='word_1_416' title='bbox 1244 5394 1488 5480; x_wconf 89' lang='lat' dir='ltr'><strong>Sacra</strong></span> <span class='ocrx_word' id='word_1_417' title='bbox 1553 5395 2053 5487; x_wconf 89' lang='lat' dir='ltr'><strong>incohentur</strong></span> <span class='ocrx_word' id='word_1_418' title='bbox 2085 5462 2111 5506; x_wconf 91' lang='lat'><strong>,</strong></span> <span class='ocrx_word' id='word_1_419' title='bbox 2176 5398 2322 5508; x_wconf 84' lang='lat' dir='ltr'><strong>sed</strong></span> <span class='ocrx_word' id='word_1_420' title='bbox 2374 5386 2810 5487; x_wconf 79' lang='lat' dir='ltr'><strong>commode</strong></span> <span class='ocrx_word' id='word_1_421' title='bbox 2858 5396 3136 5482; x_wconf 90' lang='lat' dir='ltr'><strong>omnia</strong></span> <span class='ocrx_word' id='word_1_422' title='bbox 3190 5394 3359 5478; x_wconf 90' lang='lat' dir='ltr'><strong>suis</strong></span> <span class='ocrx_word' id='word_1_423' title='bbox 3416 5395 3692 5508; x_wconf 86' lang='lat' dir='ltr'><strong>spatiis</strong></span> <span class='ocrx_word' id='word_1_424' title='bbox 3755 5390 4391 5509; x_wconf 79' lang='lat' dir='ltr'><strong>distinguantur.</strong></span> 
     </span>
     <span class='ocr_line' id='line_1_42' title="bbox 1013 5510 4394 5636; baseline 0 -39"><span class='ocrx_word' id='word_1_425' title='bbox 1013 5510 1505 5635; x_wconf 80' lang='lat' dir='ltr'><strong>Curamque</strong></span> <span class='ocrx_word' id='word_1_426' title='bbox 1572 5543 1800 5628; x_wconf 88' lang='lat' dir='ltr'><strong>gerat</strong></span> <span class='ocrx_word' id='word_1_427' title='bbox 1848 5517 2284 5607; x_wconf 75' lang='lat' dir='ltr'><strong>Missarum</strong></span> <span class='ocrx_word' id='word_1_428' title='bbox 2341 5544 2924 5636; x_wconf 83' lang='lat' dir='ltr'><strong>perpetuarum</strong></span> <span class='ocrx_word' id='word_1_429' title='bbox 2974 5582 3000 5627; x_wconf 94' lang='lat'><strong>,</strong></span> <span class='ocrx_word' id='word_1_430' title='bbox 3066 5546 3282 5633; x_wconf 80' lang='lat' dir='ltr'><strong>quae</strong></span> <span class='ocrx_word' id='word_1_431' title='bbox 3328 5510 4201 5631; x_wconf 73' lang='lat' dir='ltr'><strong>pro&#39;Benefactoribus</strong></span> <span class='ocrx_word' id='word_1_432' title='bbox 4250 5545 4394 5599; x_wconf 90' lang='lat' dir='ltr'><strong>an·</strong></span> 
     </span>
     <span class='ocr_line' id='line_1_43' title="bbox 1012 5634 4399 5762; baseline -0.001 -39"><span class='ocrx_word' id='word_1_433' title='bbox 1012 5638 1334 5725; x_wconf 85' lang='lat' dir='ltr'><strong>nuatim</strong></span> <span class='ocrx_word' id='word_1_434' title='bbox 1414 5637 1955 5728; x_wconf 85' lang='lat' dir='ltr'><strong>celebrandae</strong></span> <span class='ocrx_word' id='word_1_435' title='bbox 2017 5667 2273 5753; x_wconf 87' lang='lat' dir='ltr'><strong>sunt,</strong></span> <span class='ocrx_word' id='word_1_436' title='bbox 2354 5672 2658 5762; x_wconf 88' lang='lat' dir='ltr'><strong>easque</strong></span> <span class='ocrx_word' id='word_1_437' title='bbox 2732 5638 3031 5732; x_wconf 87' lang='lat' dir='ltr'><strong>referat</strong></span> <span class='ocrx_word' id='word_1_438' title='bbox 3092 5639 3178 5724; x_wconf 91' lang='lat' dir='ltr'><strong>in</strong></span> <span class='ocrx_word' id='word_1_439' title='bbox 3244 5634 3676 5727; x_wconf 83' lang='lat' dir='ltr'><strong>Tabellam</strong></span> <span class='ocrx_word' id='word_1_440' title='bbox 3726 5696 3751 5743; x_wconf 89' lang='lat'><strong>,</strong></span> <span class='ocrx_word' id='word_1_441' title='bbox 3815 5663 4028 5754; x_wconf 88' lang='lat' dir='ltr'><strong>quae</strong></span> <span class='ocrx_word' id='word_1_442' title='bbox 4090 5664 4399 5755; x_wconf 87' lang='lat' dir='ltr'><strong>appeu-</strong></span> 
     </span>
    </p>
   </div>
  </div>
 </body>
</html>
