4834 6409
1040 446 1211 533 330

1038 563 1705 666 fundamentum,
1774 546 1853 645 'et
1899 557 2461 645 characterem·
2488 622 2517 662 ,
2562 582 2754 676 'quo
2810 582 2855 645 a
2896 557 3187 655 ceteris
3251 555 3623 643 Orientis
3684 547 4185 639 Natiouibus
4236 542 4417 658 Syri

1037 688 1493 773 Maronitac
1556 713 1643 770 se
1710 678 2062 765 discerni
2132 680 2624 766 voluerunt.
2684 674 3365 783 pretiosissimum
3404 683 3715 795 ‘itaque
3787 672 3946 758 hoc
4015 676 4431 786 majorum

1041 833 1505 894 nostrorum
1559 803 2024 917 depositum
2085 799 2501 886 custodire
2562 794 3085 913 summopere
3153 803 3550 905 nitantur,
3605 822 3689 883 et
3745 797 3968 880 omni
4036 824 4190 906 ope
4228 825 4422 877 con-

1044 927 1439 1030 tendant,
1505 947 1599 1010 ut
1667 949 1838 1009 tum
1899 950 2144 1034 opere
2211 923 2407 1007 tales
2445 911 2531 1007 se
2593 950 2764 1006 esse
2821 922 3091 1034 palam
3155 944 3237 1006 et
3298 921 3634 1034 publice
3693 910 4155 1017 fateantur,
4224 944 4426 1028 qua-

1043 1053 1156 1137 les
1205 1078 1380 1134 esse
1434 1068 1805 1158 oportet,
1873 1046 2016 1161 qui
2081 1040 2329 1127 officii
2395 1044 2568 1145 sui,
2633 1065 2717 1127 et·
2779 1039 3388 1129 Beneficiorum
3446 1041 3553 1127 ab
3616 1038 3984 1127 Ecclesia
4054 1035 4426 1121 Romana

1042 1188 1564 1282 acceptorum
1621 1162 2264 1278 haudquaquam
2333 1164 2855 1254 immemores
2904 1186 3124 1245 sunt.
3188 1162 3304 1246 Et
3368 1163 3756 1280 quoniam
3824 1157 4136 1242 Divino
4200 1186 4428 1239 man·

1042 1290 1234 1377 dato
1296 1286 1688 1402 jubemur
1753 1286 2088 1398 proximi
2155 1286 2398 1367 etiam
2449 1287 2696 1368 nostri
2762 1285 3111 1368 salutem
3176 1314 3525 1387 curare,
3590 1279 4215 1392 diligentissime
4268 1299 4431 1361 stu-

1042 1410 1346 1511 deant,
1438 1410 1968 1523 antiquorum
2041 1427 2501 1487 nostrorum
2599 1404 2934 1488 Patrum
2973 1464 2998 1507 ,
3077 1435 3174 1491 ac
3262 1405 3735 1517 praesertim
3821 1396 4429 1484 Monachorum

1045 1532 1124 1615 S.
1174 1531 1592 1628 Maronis,
1660 1528 1801 1643 qui
1868 1547 2018 1638 pro
2072 1523 2502 1609 Catholica
2573 1523 2997 1633 Religione
3046 1548 3383 1612 strenue
3440 1523 4009 1626 decertarunt,
4075 1520 4432 1628 vestigiis

1044 1645 1608 1752 inhaerendO,
1667 1649 2132 1732 occasiones
2198 1667 2524 1757 captare
2599 1641 2699 1727 ad
2780 1643 3313 1731 Orthodoxae
3364 1642 3600 1728 Fidei
3674 1646 4342 1757 propagationem
4406 1699 4430 1741 ‚

1045 1797 1128 1859 et
1177 1768 1277 1856 ad
1345 1765 1806 1883 profectum
1890 1770 2314 1853 nationum
2369 1765 2477 1847 ab
2540 1763 2912 1850 Ecclesia
2964 1762 3396 1851 Catholica
3483 1762 4063 1849 dissidentium
4113 1824 4137 1867 ,
4218 1765 4434 1844 inter

1044 1923 1247 2007 quas
1299 1911 1776 1973 versantur:
1838 1883 2545 1970 neveearundem
2603 1883 3068 2000 desperent,
3108 1910 3250 1973 aut
3303 1886 3722 1996 negligant
3757 1887 4428 1990 conversionem3

1043 2009 1187 2098 sed
1240 2040 1428 2097 cum
1495 2010 1721 2092 omni
1771 2008 2166 2092 charitate
2219 2030 2298 2091 et
2360 2009 2776 2118 patientia,
2806 2008 3133 2095 ‘Divino
3190 2004 3609 2121 adjutorio
3673 2004 3921 2110 freti,
3986 2032 4429 2116 procurare

1043 2133 1266 2216 illam
1346 2150 1868 2241 opportune,
1952 2131 2423 2239 importune
2462 2189 2485 2230 ‚
2573 2125 3069 2236 arguendo,
3125 2125 3674 2240 increpandO,
3728 2124 4244 2211 obsecrando
4314 2126 4436 2206 ni·

1001 2276 1343 2337 tantur.
1403 2249 1512 2332 11.
1567 2249 2004 2335 Honorent
2066 2278 2404 2363 quoque
2456 2269 2638 2359 post
2692 2248 3074 2335 Summos
3129 2249 3540 2332 Romanos
3564 2244 4024 2333 Pontifices
4077 2247 4442 2359 Matrem·

1039 2403 1271 2456 suam
1336 2367 1950 2455 Antiochenam
2029 2367 2682 2472 Ecclesiam‚·et
2745 2370 3057 2455 Rmum
3132 2368 3597 2453 Dominum
3654 2363 4213 2451 patriarcham
4288 2368 4431 2450 toti

1040 2492 1372 2579 Natioui
1415 2555 1439 2597 ,
1497 2485 1971 2606 Ordinique
2022 2511 2302 2572 nostro
2365 2488 2470 2572 ab
2535 2486 2827 2574 eadem
2906 2490 3271 2573 Romana
3363 2488 3729 2573 Ecclesia
3799 2490 4351 2601 praepositum
4406 2548 4433 2588 ‚

1041 2616 1176 2698 cui
1249 2631 1669 2729 tamquam
1738 2608 1956 2694 Patri
2011 2670 2035 2713 ,
2102 2609 2496 2723 peculiari
2549 2606 2855 2697 affectu
2909 2634 2992 2695 et
3050 2606 3492 2695 devotione
3544 2606 3853 2693 addicti
3917 2612 4082 2691 sint
4128 2670 4151 2712 ,
4220 2612 4437 2720 ejus·

1041 2751 1208 2851 que
1259 2729 1660 2836 decretis,
1735 2754 1817 2815 et
1869 2732 2602 2817 constitutionibus
2651 2732 3043 2816 ‘om’nibus
3115 2758 3330 2849 quae
3403 2726 3642 2815 Fidei
3730 2726 4241 2833 Catholicae,
4295 2736 4441 2815 aut

1041 2854 1432 2961 Romanis
1485 2848 2035 2938 Pontificibus
2090 2881 2250 2934 non
2305 2847 2849 2937 adversantur
2897 2874 3264 2965 pareant,
3320 2873 3401 2934 et
3454 2850 4058 2959 obtemperent.
4102 2847 4437 2932 Nomen

1039 3004 1377 3092 quoque
1427 2976 1608 3085 ejus
1676 2992 1861 3083 post
1925 2972 2397 3057 Romanum
2471 2969 2960 3059 Pontificem
2998 3032 3021 3077 ,
3078 2993 3240 3055 tam
3299 2974 3381 3054 in
3449 3002 3670 3054 sacra
3731 2969 4131 3079 Liturgia,
4187 2998 4441 3085 quam

1043 3097 1126 3181 in
1181 3094 1510 3179 Divinis
1563 3090 1888 3183 Officiis
1944 3088 2052 3175 de
2100 3121 2327 3176 more
2379 3116 3056 3181 commemorent.
3113 3092 3225 3205 ln·
3267 3091 3513 3175 rebus
3583 3087 3861 3173 dubiis
3916 3110 3999 3173 et
4049 3089 4440 3199 gravibus

1041 3245 1256 3332 quae
1309 3210 1715 3298 Ordinem
1789 3234 2158 3296 nostrum
2212 3237 2783 3317 concernunt,
2851 3216 3087 3299 illum
3164 3213 3623 3296 consulant.
3691 3215 4155 3329 Antequam
4215 3207 4438 3293 Con·

1039 3332 1884 3445 gregati01Generalis
1937 3330 2082 3418 fiat
2116 3396 2140 3437 ‚
2208 3337 2389 3445 ejus
2472 3332 2952 3420 benedictio
3022 3332 3130 3419 al)
3205 3331 3536 3417 Abbate
3589 3331 3976 3418 Generali
4030 3351 4355 3443 petatur
4406 3363 4432 3439 3

1040 3472 1477 3571 postquam
1542 3450 1750 3538 facta
1808 3475 1926 3538 est
1966 3472 2008 3558 ,'
2045 3453 2282 3539 electi
2362 3452 2647 3540 Abbas
2698 3452 3171 3556 Generalis,
3240 3477 3324 3539 et
3386 3444 3854 3561 Hegu'meni
3914 3447 4439 3566 ipsum-ade-

1043 3599 1180 3660 ant
1222 3640 1245 3676 ,
1303 3570 1971 3660 benedictionem
2053 3577 2498 3688 accepturi.
2576 3572 2658 3659 Si
2711 3607 2954 3688 opera
3012 3596 3286 3681 nostra
3339 3575 3418 3657 in
3481 3574 3727 3658 rebus
3780 3573 4374 3656 Ecclesiasticis
4417 3632 4445 3676 ,

1042 3695 1145 3781 ad
1201 3693 1494 3780 Sedem
1555 3693 2191 3780 patriarchalem
2247 3692 2859 3781 Antiochenam
2910 3694 3525 3809 spectantibus,
3591 3699 3712 3779 uti
3764 3692 4447 3805 voluerit,para·

1042 3806 1166 3900 tos
1218 3847 1303 3900 se
1353 3814 1820 3899 exhibeant.
1888 3815 2237 3899 Nullum
2319 3845 2511 3898 cum
2569 3816 2743 3928 ipso
2795 3879 2818 3922 ,
2895 3834 3038 3902 ‘aut
3108 3810 3472 3932 reliquis
3536 3812 3931 3898 Praelatis
4008 3809 4446 3896 dissidium

1049 3935 1472 4042 habeant,
1543 3966 1814 4051 neque
1894 3937 2140 4020 rebus
2194 3930 2297 4019 ad
2367 3937 2549 4045 ejus
2597 3997 2621 4039 ,
2676 3940 2847 4025 sive
2917 3936 3485 4020 Praelatorum
3554 3937 4125 4018 auctoritatem
4193 3936 4444 4047 perti·

1048 4056 1440 4141 uentibus
1503 4087 1590 4141 se
1656 4058 2231 4164 immisceant3
2284 4050 2426 4139 sed
2482 4060 3012 4143 meminerint
3059 4086 3142 4138 se
3195 4055 3470 4161 illius,
3526 4077 3605 4139 et
3658 4054 4220 4138 Praelatorum
4262 4116 4285 4148 ‚
4348 4056 4440 4138 in

1046 4208 1402 4293 quorum
1474 4175 2019 4262 Dioecesibus
2103 4160 2590 4284 versantur,
2645 4177 3428 4293 obsequentissimos
3508 4173 3724 4260 filios
3775 4205 4008 4259 esse.
4101 4174 4185 4255 Si
4256 4175 4443 4290 quis

1046 4296 1244 4380 huic
1309 4295 1671 4407 Regulae
1759 4328 2101 4413 quoquo
2152 4293 2404 4381 modo
2467 4301 3076 4383 contravenisse
3145 4318 3612 4411 compertus
3698 4292 3946 4378 fuerit
3998 4357 4021 4397 ,
4103 4296 4442 4381 severis-

1050 4421 1261 4502 sime
1334 4421 1750 4531 puniatur.
1810 4418 2001 4527 Post
2064 4416 2372 4501 Rmum
2445 4417 3001 4503 Patriarcha'm
3038 4440 3095 4520 ,'
3144 4417 3562 4529 Episcopo
3616 4416 3774 4501 loci
3861 4414 4240 4507 debitum
4295 4416 4448 4500 ho·

1047 4569 1330 4620 norem
1366 4599 1389 4641 ,
1443 4560 1527 4621 et
1577 4537 2072 4652 obsequium
2128 4533 2530 4644 deferant,
2584 4543 2763 4653 ejus
2814 4561 3150 4655 quoque
3206 4568 3505 4622 nomen
3561 4539 3646 4638 in
3700 4539 3946 4620 sacris
3997 4536 4442 4658 Diptychis

1049 4658 1513 4741 recitantes».
1572 4658 2094 4743 Sacramenta
2145 4660 2441 4744 exteris
2493 4680 2677 4744 non·
2725 4658 3305 4744 administrent
3344 4672 3417 4761 ,'
3461 4687 3733 4774 neque
3784 4660 4271 4748 concionem
4337 4660 4446 4748 ad

1011 4777 1239 4861 illos
1320 4774 1744 4881 habeant,
1821 4800 1962 4863 aut
2013 4777 2476 4867 catecheses
2553 4776 3118 4884 faciant,aut
3181 4778 3447 4865 ullum
3506 4780 4051 4862 ministerium
4116 4816 4445 4871 sacrum

1049 4896 1486 5008 publicum
1538 4897 1847 4985 obeant
1897 4897 2002 4983 ad
2066 4901 2468 5013 populum
2500 4965 2531 5006 ,
2582 4909 2759 4988 sine
2821 4931 3186 5014 expressa
3240 4902 3418 5011 ejus
3470 4899 3823 4983 licentia.
3884 4898 4022 4982 1V.
4092 4906 4437 5018 Episco-

1050 5050 1198 5130 pos
1236 5081 1259 5121 ,
1314 5016 1967 5136 Chorepiscopos
2007 5082 2034 5125 ,
2085 5018 2871 5136 Archipresbyteros
2906 5083 2930 5126 ,
3009 5042 3092 5104 et
3179 5018 3586 5107 Parochos
3623 5081 3647 5124 ‚
3738 5050 4192 5142 omnesque
4272 5046 4443 5110 tam

1056 5138 1250 5222 Rffii
1299 5137 1643 5225 Domini
1711 5137 2230 5227 patriarchae
2266 5201 2290 5244 ,
2347 5170 2593 5258 quam
2648 5130 3039 5257 Episcopi
3095 5137 3519 5224 Ordinarii
3590 5139 4212 5235 Ecclesiasticus
4286 5146 4448 5232 Mi-

1052 5261 1347 5344 nistros
1384 5323 1408 5364 ‚
1463 5290 1633 5377 quo
1701 5294 1849 5375 par
1900 5284 2031 5376 est
2076 5256 2389 5347 honore
2442 5327 2469 5363 ,
2522 5285 3153 5379 prosequantur.
3234 5260 3328 5343 In
3400 5291 3686 5346 eorum
3756 5257 4051 5351 officiis
4100 5279 4274 5357 sese
4336 5300 4443 5355 ue

1049 5382 1569 5469 immisceant
1603 5445 1634 5486 ,
1690 5413 1897 5469 neve
1938 5400 2252 5466 'sacram
2296 5383 2551 5468 ullam
2605 5378 3125 5469 functionem
3174 5413 3370 5468 cum
3421 5378 4022 5488 saecularibus,
4072 5392 4205 5477 vel
4256 5420 4442 5500 erga

1053 5498 1511 5587 saeculares
1562 5524 2050 5605 exerceant,
2104 5502 2256 5586 nisi
2310 5505 2539 5620 jussu
2600 5501 3040 5619 Episcopi,
3091 5527 3203 5592 et·
3252 5503 3777 5617 beneplacito
3850 5505 4444 5598 Parochorum.

1055 5620 1372 5707 Curam
1427 5624 1891 5711 animarum
1955 5646 2443 5739 perpetuam
2493 5621 2888 5713 Monachi
2942 5656 3045 5713 ne
3095 5648 3405 5741 gerant,
3456 5632 4037 5743 ,aequaeuam
4087 5630 4197 5719 ad
4238 5655 4449 5719 tem-
