4834 6409
1040 376 1213 468 382

889 554 896 559 -
1037 501 1359 588 Poenas
1407 523 1605 586 vero
1655 517 2190 605 commutare,
2243 520 2324 584 et
2386 529 2540 617 pro
2588 498 2982 615 grav-ibus
3032 501 3267 592 leves·
3308 503 3773 621 injungere,
3824 508 3969 588 a'ut
4012 499 4433 604 viceversa

1039 647 1194 738 pro
1271 619 1595 707 levibus
1671 648 1961 731 graves
2021 620 2520 735 imponere,
2587 653 2751 711 uon
2808 628 3121 738 poterit
3194 626 3382 713 sine
3452 624 3795 713 consilio
3842 684 3868 727 ‚
3934 644 4018 709 et
4068 616 4441 733 Congre-

1043 741 1371 853 gatione
1431 736 2067 827 Monachorum.
2119 738 2363 849 Quae
2410 768 2687 831 autem
2737 741 2877 829 hic
2940 765 3257 832 taxatae
3312 776 3481 832 nou
3537 766 3735 832 su'nt
3783 769 4101 859 poenae
4147 803 4185 853 ‚,
4242 771 4437 829 cum

1044 859 1389 948 consilio
1438 856 1899 949 eorundem
1960 858 2580 950 Monaehorum
2646 867 2744 951 in
2794 862 3171 952 Domino
3223 860 3554 955 taxabit.

2297 1160 2304 1165 1
2383 1103 2486 1189 =G
2551 1106 2626 1190 A
2695 1106 2787 1191 P.
2906 1102 3061 1187 111.

2080 1346 2219 1431 De
2284 1343 2456 1429 levi
2508 1343 2795 1460 Culpa
2830 1407 2855 1453 ,
2919 1364 3001 1429 et
3036 1318 3053 1329 ἱ
3072 1345 3386 1432 Poena.

1171 1588 1529 1676 Levium
1595 1587 2030 1703 culparum
2082 1616 2249 1671 non
2300 1607 2427 1672 est
2492 1614 2910 1670 numerus.
2965 1583 3096 1671 Ex
3149 1583 3276 1674 his
3328 1603 3610 1675 autem
3651 1650 3676 1696 ,
3741 1616 3957 1707 quae
3993 1584 4145 1676 hic
4195 1616 4443 1705 appo·

1047 1733 1430 1814 aluntur,
1483 1705 1588 1793 de
1641 1710 1942 1795 ceteris.
1983 1703 2353 1822 judicare
2416 1705 2774 1819 pronum
2836 1707 3018 1792 erit.
3088 1705 3338 1795 Levis
3414 1710 3659 1823 culpa
3742 1733 3887 1795 est.
3955 1708 4022 1793 Ι.
4089 1707 4181 1793 Si
4257 1711 4444 1826 quis

1051 1830 1158 1919 ad
1212 1829 1822 1917 inchoationem
1880 1825 2218 1931 Officii,
2286 1825 2420 1912 vel
2466 1823 3152 1937 'Congregationis
3186 1889 3213 1934 ‚
3267 1829 3414 1915 ‘vel
3466 1831 3931 1916 collationis
3992 1829 4440 1942 spiritualis

1047 1983 1218 2038 non
1272 1946 1649 2037 adfuerit.
1715 1946 1823 2034 11.
1882 1950 1966 2035 si
2020 1946 2202 2065 quis
2253 1942 2570 2065 aliquid
2619 1943 2915 2032 dixerit
2948 2008 2972 2053 ,
3036 1948 3170 2033 vel
3220 1945 3507 2036 fecerit
3554 2014 3580 2057 ,
3648 1947 3881 2035 unde
3930 1947 4256 2036 Fratres
4320 1946 4445 2045 of,-

1050 2068 1524 2159 sendantur.
1591 2068 1742 2153 ΙΙΙ.Δ
1814 2069 1898 2154 Si
1974 2071 2157 2187 quis
2235 2064 2671 2184 quidpiam
2742 2067 3222 2154 utensilium
3295 2099 3394 2156 ex
3443 2067 3759 2157 desidia
3821 2066 4160 2182 fregerit
4204 2131 4231 2176 ‚
4297 2092 4447 2156 aut

1051 2189 1566 2307 perdiderit3
1628 2191 1766 2279 vel
1835 2190 2002 2276 cibi
2053 2251 2077 2297 ,
2142 2211 2492 2303 potusve
2538 2184 2856 2304 aliquid
2916 2183 3332 2276 effuderit.
3402 2189 3549 2277 IV.
3616 2192 3702 2277 Si
3752 2195 3944 2309 quis
4008 2192 4443 2276 communi

1053 2310 1490 2400 refectioni·
1535 2343 1702 2398 nou
1756 2305 2245 2396 interfuerit.
2312 2308 2418 2391 V.
2484 2308 2570 2393 Si
2634 2311 2819 2425 quis
2883 2311 3353 2396 constitutis
3423 2309 3648 2397 horis
3695 2313 4134 2398 silentium
4182 2306 4447 2421 frege-

1057 2435 1186 2519 rit.
1251 2432 1396 2519 VI.
1468 2432 1553 2516 Si
1602 2433 1788 2551 quis
1835 2460 1987 2545 pro
2033 2433 2316 2534 victu,
2379 2450 2526 2514 aut
2572 2430 3079 2515 vestimentis
3125 2494 3154 2537 ‚
3233 2432 3366 2518 vel
3418 2432 3573 2517 alia
3628 2462 3717 2519 re
3765 2432 4445 2520 murmuraverit.

1064 2553 1393 2661 VILstSi
1442 2554 1627 2671 quis
1691 2568 1976 2639 eorum
2013 2613 2040 2656 ,
2109 2553 2255 2670 qui
2301 2548 2892 2664 communibus
2958 2547 3285 2661 Officiis
3359 2550 3737 2668 deputati
3799 2575 3998 2639 sunt
4045 2576 4093 2661 ,·
4134 2580 4447 2637 munus

1057 2705 1302 2761 suum
1374 2676 1460 2759 in
1541 2704 1628 2760 re
1688 2672 1963 2790 aliqua
2013 2670 2482 2783 neglexerit.
2534 2666 2769 2753 vlu.
2826 2668 2912 2753 Si
2964 2674 3157 2786 quis
3203 2676 3490 2787 potum
3524 2736 3548 2780 ‚
3601 2673 3738 2763 vel
3786 2674 4072 2759 cibum
4118 2675 4301 2757 sine
4351 2673 4451 2758 li-

1063 2797 1332 2883 centia
1399 2794 1857 2909 sumpserit.
1929 2791 2081 2879 IX.
2152 2793 2234 2876 Si
2290 2787 2601 2875 Officio
2675 2792 2763 2875 in
2829 2787 3153 2877 Tabula
3239 2793 3645 2904 assignato
3720 2790 4107 2881 defuerit.
4167 2791 4284 2876 X.
4358 2792 4446 2878 Si

1055 2918 1243 3035 quis
1292 2918 1383 3001 in
1437 2918 1926 3001 ceremoniis
2003 2909 3059 3027 Missae‚.Divinorumque
3143 2908 3638 3000 Officioru'm
3716 2917 3994 3000 minus
4054 2910 4451 3000 decenter

1057 3068 1143 3124 se
1209 3037 1544 3147 gesserit
1580 3097 1605 3140 ,
1672 3060 1814 3122 aut
1885 3029 2206 3154 aliquid
2256 3032 2620 3117 omiserit
2668 3092 2694 3135 ,
2775 3030 2912 3141 vel
2976 3026 3083 3116 de
3144 3062 3295 3118 suo
3376 3030 3823 3145 addiderit.
3885 3032 4039 3119 XI.
4107 3034 4194 3119 Si
4261 3036 4446 3151 quis

1063 3157 1350 3242 oculos
1432 3184 1680 3266 vagos
1727 3154 1829 3242 ad
1892 3155 2337 3243 vanitatem
2391 3147 2801 3259 direx-erit.
2864 3148 3067 3234 XII.
3142 3153 3229 3236 Si
3313 3156 3502 3272 quis
3552 3158 3987 3269 strepitum
4039 3156 4126 3240 in
4197 3154 4445 3260 cella,

1058 3276 1199 3362 vel
1246 3273 1773 3385 Mouasterim
1840 3296 1983 3360 aut
2031 3272 2401 3361 Ecclesia
2437 3333 2465 3378 ‚
2528 3272 3062 3388 sonitumque
3130 3268 3443 3361 fecerit.
3511 3273 4034 3393 Quicunque
4081 3276 4165 3360 in
4218 3306 4452 3393 prae·

1062 3393 1321 3502 fatos,
1388 3416 1470 3481 et
1517 3396 1822 3484 similes
1869 3390 2242 3481 defectus
2293 3389 2732 3499 inciderit,
2797 3388 3040 3477 et·de
3092 3393 3254 3481 illis
3328 3395 3881 3508 proclamatus
3942 3391 4247 3501 fuerit,
4313 3397 4454 3482 vel

1061 3519 1236 3631 ipse
1286 3547 1373 3603 se
1435 3540 1727 3632 sponte
1774 3514 2401 3631 proclamaverit
2452 3574 2476 3617 ,
2538 3512 2677 3598 vel
2727 3509 3068 3599 aliunde
3134 3511 3296 3602 hoc
3346 3520 3616 3632 ipsum
3650 3516 4209 3627 ·coustiterit;
4274 3515 4454 3602 Ab·

1061 3636 1209 3723 bas
1260 3640 1639 3752 injungat
1688 3637 2068 3753 peccanti
2120 3664 2386 3718 unum
2439 3631 2858 3719 Psalmum
2904 3694 2931 3738 ,
2998 3634 3137 3720 vel
3187 3635 3505 3755 aliquot
3557 3634 3996 3723 Orationes
4072 3634 4455 3723 Domini-

1066 3788 1252 3863 cas,
1319 3756 1453 3845 vel
1525 3756 1889 3846 Psalmos
1920 3820 1949 3863 ‚
2012 3786 2159 3842 seu
2209 3751 2828 3865 genuflexiones
2886 3755 2970 3837 in
3028 3750 3500 3843 Refectorio
3531 3821 3556 3861 ‚
3609 3778 3752 3842 aut
3800 3757 4170 3843 Ecclesia
4221 3760 4454 3871 juxta

1066 3875 1414 3965 modum
1454 3940 1478 3985 ‚
1531 3909 1704 3997 quo
1751 3881 2088 3968 excessit
2135 3938 2164 3984 ,
2228 3896 2315 3960 et
2361 3873 2845 3990 qualitatem
2896 3902 3319 3991 personae.
3762 3894 3767 3899 ’

895 2888 1052 2951 Χ

2463 4112 2534 4199 C
2603 4114 2677 4199 A
2743 4115 2835 4200 P.
2936 4115 3082 4202 IV.

2068 4357 2208 4441 De
2264 4353 2539 4443 Gravi
2591 4354 2866 4471 Culpa
2904 4421 2933 4462 ,
2992 4374 3076 4446 et
3144 4360 3456 4444 Poena.

1190 4594 1552 4682 Gravem
1627 4593 1956 4710 culpam
2007 4625 2460 4686 censemus.
2529 4596 2593 4682 1.
2665 4600 2749 4682 Si
2804 4602 2990 4715 quis
3042 4600 3327 4684 Frater
3387 4632 3580 4688 eum
3635 4600 3947 4715 Fratre,
4002 4608 4144 4695 vel
4188 4594 4447 4693 exter-

1069 4744 1180 4801 no
1230 4717 1480 4821 intus,
1532 4717 1665 4803 vel
1731 4710 1929 4802 foris
1989 4718 2653 4807 rixashabuerit.
2724 4719 2807 4803 Si
2860 4722 3047 4839 quis
3109 4720 3437 4829 Fratri,
3503 4723 3638 4809 vel
3693 4722 4105 4814 Saeculari
4160 4752 4452 4814 contu-

1061 4832 1745 4923 meliam-dixerit
1792 4888 1818 4942 -,
1882 4836 2016 4923 vel
2070 4842 2393 4950 minas,
2460 4860 2543 4924 et
2592 4839 3031 4926 maledicta
3109 4843 3194 4925 in
3249 4841 3583 4929 eosdem
3649 4849 4113 4959 protulerit.
4183 4848 4291 4932 11.
4362 4849 4450 4934 Si

1027 4957 1254 5074 ‘quis
1306 4957 1522 5042 inter
1582 4956 1905 5043 Fratres
1955 4954 2514 5066 discordiam.
2579 4955 2799 5045 dicta
2882 4964 3149 5049 unius
3201 4961 3433 5050 alteri
3505 4960 3943 5053 referendo
3991 5035 4020 5073 ,
4083 4970 4220 5056 vel
4286 4971 4449 5054 alio

1065 5073 1320 5160 modo
1363 5078 1915 5164 seminaverit.
1985 5076 2138 5161 IIL
2194 5081 2277 5166 Si
2333 5083 2519 5196 quis
2569 5084 2866 5194 jurare,
2921 5084 3310 5189 mentiri,
3362 5085 3664 5199 turpia,
3716 5089 3846 5172 vel
3899 5091 4267 5174 scurrilia
4324 5085 4450 5173 di-

1069 5226 1256 5281 cere
1305 5256 1329 5302 ,
1394 5194 1502 5282 ad
1580 5198 1832 5282 risum
1898 5196 2099 5321 alios
2161 5203 2455 5315 ineptis
2505 5204 3086 5311 gat-titionibus
3144 5231 3597 5318 provocare
3647 5268 3671 5312 ‚
3738 5209 4160 5296 silentium
4230 5207 4454 5294 sran-

1065 5345 1255 5426 gere
1305 5378 1330 5421 ,
1399 5336 1594 5403 cum
1659 5314 2128 5404 offensione·
2166 5324 2643 5435 praesertim
2693 5318 3049 5409 fraterna
3085 5387 3109 5430 ,
3195 5324 3279 5410 in
3336 5324 4026 5429 consuetudinem
4094 5327 4452 5418 duxerit.

1069 5436 1210 5522 IV.
1254 5436 1367 5524 ‚Si
1416 5440 1603 5555 quis
1653 5468 1845 5524 cum
1912 5435 2314 5552 faemiuis,
2369 5463 2519 5526 aut
2559 5446 2836 5555 pueris
2885 5444 3468 5564 colloquen'dO,
3523 5452 3857 5534 attentis
3909 5454 4457 5538 circumstan-

1070 5558 1196 5645 tiis
1261 5558 1448 5665 loci,
1504 5562 1895 5675 temporis
1933 5622 1957 5665 ,
2011 5584 2094 5648 et
2156 5591 2690 5678 personarum
2740 5568 3293 5681 suspicionem
3344 5568 3704 5685 aliquam
3754 5574 3933 5658 vitii
3988 5574 4445 5683 ingesserit,
