4834 6409
3616 485 3662 539 2
3743 478 3826 535 1·

408 612 496 669 sa
547 579 729 667 latis
762 640 789 685 ,
820 576 917 667 ,si
956 572 1277 691 quibus‘
1317 569 1946 695 quomodolibet
1993 573 2440 664 innodatae
2487 575 2889 676 existant,
2951 560 3059 655 'ad
3113 566 3504 656 effectum
3555 484 3785 687 prsse·
3811 569 3978 635 0¹¹¹m
4036 572 4184 681 ⁸39¹·

407 703 773 791 sentium
836 693 1263 785 dumtaxat·
1317 693 2007 814 consequendum
2039 761 2063 805 ,
2148 697 2445 782 harum
2495 697 2704 783 serie
2751 692 3267 778 absolventes
3306 755 3329 798 ,
3419 704 3516 775 et
3551 692 3782 778 abso·
3812 661 4178 821 ffessassf

409 821 629 917 lutas
681 817 856 905 sore
905 842 1375 922 censentes,
1430 813 1906 931 hujusmodi
1960 818 2700 933 supplicationibus
2750 814 3115 898 inclinati
3172 813 3785 899 concessionem
3812 845 4094 914 Ecclesia

414 962 919 1029 memoratae
979 936 1400 1025 Ecclesiae
1465 938 1545 1019 S.
1630 937 1945 1022 Mariae
2024 942 2108 1023 in
2194 936 2698 1039 Dominica,
2778 952 2918 1018 seu
2989 934 3394 1017 Domnica
3477 931 3787 1021 eisdem
3815 953 4117 1007 ereetum.

408 1057 857 1157 ‘Monachis
904 1054 1245 1143 Graecis
1295 1056 1713 1143 Melchitis
1766 1055 1872 1142 de
1922 1088 2326 1145 consensu
2366 1055 2570 1141 dicti
2622 1047 2940 1139 Nicolai
2997 1051 3466 1137 Cardinalis
3516 1077 3598 1140 et
3651 1056 3725 1138 T
3730 1057 3792 1137 i·

324 1206 341 1216 ·
416 1181 702 1264 tularis
753 1210 943 1266 cum
998 1177 1386 1266 omuibus
1416 1238 1441 1280 ,
1514 1200 1594 1265 et
1643 1176 1985 1288 singulis
2034 1179 2334 1283 rebus,
2388 1198 2472 1263 et
2521 1173 3234 1288 suppellectilibus
3265 1195 3454 1257 ‚tam
3503 1177 3778 1282 sacris,

420 1304 675 1418 quam
748 1295 1192 1413 prophanis
1278 1298 1363 1383 in
1444 1328 1538 1383 ea
1602 1293 2189 1404 existentibus,
2258 1295 2781 1412 aediumque·
2835 1293 3258 1379 Ecclesiae
3326 1293 3792 1405 praedictae

416 1430 920 1506 annexarum
966 1478 991 1520 ,
1095 1441 1179 1502 et
1263 1446 1820 1503 connexarum
1870 1478 1895 1523 ,
2008 1448 2333 1504 necnon
2445 1415 3032 1531 possessionem
3149 1416 3786 1526 praemissorum

418 1541 796 1635 omnium
850 1569 893 1622 a
946 1534 1376 1623 Monaohis
1425 1533 1865 1651 praedictis
1926 1561 2245 1652 captam
2285 1598 2311 1643 ,
2356 1549 2460 1622 'et
2512 1534 2861 1647 Regulas
2923 1535 3459 1647 praeinsertas
3510 1558 3790 1620 aucto·

416 1658 660 1743 ritate
712 1656 1180 1770 Apostolica
1237 1680 1520 1741 tenore
1582 1660 2129 1769 praesentium
2213 1657 2814 1773 approbamus,
2884 1655 3211 1771 illisque
3289 1650 3789 1740 inviolabilis

420 1778 947 1892 Apostolicae
995 1771 1402 1883 firmitatis
1455 1775 1710 1861 robur
1769 1774 2201 1865 adiicimus
2249 1841 2278 1882 ,
2342 1805 2794 1891 omnesque
2843 1835 2867 1878 ,
2933 1795 3017 1859 et
3057 1812 3064 1817 ·
3099 1775 3727 1889 singulos·juris
3763 1837 3787 1881 ,

421 1921 508 1985 et
554 1895 750 1983 facti
817 1891 1189 1980 defectus
1226 1957 1252 2001 ,
1321 1898 1384 1980 si
1438 1898 1583 2013 qui
1635 1893 1987 2010 desuper
2048 1895 2677 2015 quomodolibet
2741 1897 3390 1998 intervenerint,
3456 1896 3785 2008 supple·

422 2049 610 2101 mus
652 2079 676 2120 ,
745 2039 826 2099 et
875 2046 1315 2120 sanamuS,
1382 2012 1813 2133 dictosque
1889 2015 2340 2103 Monachus
2406 2013 2734 2119 donee,
2815 2036 2900 2098 et
2972 2043 3409 2133 quousque
3473 2012 3789 2100 ibidem

422 2137 1019 2238 remanserint,
1085 2134 1654 2241 et‘Ecclesiae
1686 2133 2153 2249 praedictae
2227 2136 2800 2238 inservierint,
2882 2137 2963 2221 in
3054 2134 3331 2219 locum
3415 2131 3792 2246 ejusdem

425 2255 845 2342 Francisci
926 2251 1443 2358 Clementis,
1508 2252 1782 2376 quoad
1848 2258 2440 2370 possessiouem
2515 2250 2856 2368 praefati
2919 2254 3313 2367 simplicis
3396 2250 3793 2341 Beneficii

423 2374 981 2461 Ecclesiastici
1011 2438 1042 2477 ,
1104 2406 1248 2459 seu
1312 2371 1873 2465 canonicatus
1924 2378 2380 2490 nuncupati
2454 2371 2722 2473 dictae
2784 2373 3213 2459 Ecclesiae
3263 2377 3554 2459 annexi
3608 2397 3793 2487 post

426 2495 845 2581 Francisci
894 2494 1353 2581 Clementis
1404 2492 1805 2609 praedicti
1885 2495 2211 2579 obitum
2287 2496 2372 2578 in
2446 2492 2889 2597 omnibus,
2955 2516 3038 2578 et
3100 2523 3248 2606 per
3310 2496 3584 2579 omnia
3649 2526 3789 2577 au·

429 2617 856 2721 ctoritate,
922 2636 1006 2703 et
1054 2635 1338 2699 tenore
1413 2611 1853 2728 praedictis
1913 2614 2539 2718 substituimuS,
2601 2636 2690 2699 et
2767 2614 3332 2722 subrogamus,
3392 2612 3790 2697 Ceterum

424 2735 811 2825 volumus
847 2797 873 2842 ,
952 2755 1045 2820 ut
1092 2733 1413 2821 fructus
1448 2794 1474 2839 ,
1544 2728 1919 2819 redditus
1951 2795 1981 2835 ‚
2043 2755 2128 2819 et
2185 2752 2639 2846 proventus
2688 2729 2887 2819 dicti
2952 2727 3401 2836 Beneficii,
3454 2730 3723 2819 donec
3756 2797 3786 2837 ,

421 2878 507 2941 et
558 2884 997 2973 quousque
1084 2856 1257 2965 ipse
1343 2849 1837 2941 Franciscus
1914 2851 2305 2941 Clemens
2386 2854 2737 2957 vixerit,
2803 2852 2926 2937 illi
3004 2851 3640 2967 persolvantur,
3705 2874 3791 2939 et

421 2970 819 3077 Monachi
874 2970 1279 3088 'praedicti
1328 3034 1354 3079 ,
1407 3002 1577 3058 non
1647 2972 1803 3058 nisi
1889 2994 2074 3088 post
2140 2973 2474 3058 obitum
2527 2967 3062 3087 hujusmodi,
3113 3001 3278 3058 seu
3357 2975 3788 3061 renuncia·

424 3095 769 3196 tionem,
801 3112 944 3179 aut
993 3094 1441 3178 cessionem
1492 3089 1888 3179 Beneficii
1936 3088 2417 3206 hujusmodi
2448 3122 2619 3206 *per
2655 3113 3199 3179 memoratum
3253 3090 3788 3179 Franciscum

432 3208 954 3296 Clementem
1004 3207 1111 3296 ad
1140 3234 1448 3299 'eorum
1501 3208 1868 3301 favorem
1917 3208 2385 3300 faciendam
2420 3274 2445 3317 ,
2504 3208 2708 3298 dicti
2757 3209 3148 3297 Beneficii
3203 3215 3791 3325 possessionem

429 3327 1099 3445 apprehendere,
1152 3332 1539 3449 illiusque
1587 3331 2001 3419 bonorum
2038 3393 2063 3437 ,
2116 3352 2211 3418 ac
2262 3330 2674 3417 dictorum
2733 3329 3163 3417 fructuum
3192 3396 3219 3435 ‚
3257 3329 3786 3436 reddituum,

431 3474 515 3537 et
565 3440 1969 3564 proventuum'administrationem
2018 3454 2472 3564 suscipere,
2508 3477 2849 3561 gerere,
2882 3475 2963 3537 et
3011 3482 3385 3537 exercere
3435 3454 3788 3565 possint,

427 3594 514 3657 et
591 3570 978 3676 valeant,
1070 3602 1226 3659 neo
1289 3571 1538 3659 alicui
1611 3571 1935 3659 licitum
2002 3575 2108 3658 sit
2160 3593 2344 3688 post
2422 3572 2743 3659 obitum
2832 3571 3246 3659 Francisci
3332 3570 3794 3657 Clementis

429 3686 833 3806 praedicti
886 3692 971 3776 in
1026 3692 1171 3776 illo
1219 3722 1306 3778 se
1352 3693 1724 3803 ingerere
1771 3752 1797 3799 ,
1850 3722 1993 3778 seu
2046 3688 2152 3777 de
2203 3691 2349 3805 illo
2395 3688 2852 3804 disponere.

544 3813 611 3910 S.
686 3844 825 3900 22.
892 3809 1459 3901 Decern'entes
1507 3808 1837 3901 easdem
1873 3836 2339 3926 praesentes
2390 3812 2676 3896 literas
2711 3841 3032 3925 semper
3082 3807 3399 3918 firmas,
3451 3810 3794 3919 validas,
3853 3805 4180 3913 ‘Praesen-

430 3950 515 4017 et
562 3929 938 4021 efficaces
998 3935 1399 4036 existere,
1460 3956 1546 4018 et
1627 3929 1803 4019 fore
1853 3995 1877 4038 ,
1945 3961 2302 4050 suosque
2360 3931 2770 4046 plenarios
2802 3995 2832 4034 ,
2882 3954 2965 4017 et
3014 3933 3383 4041 integros·
3449 3930 3799 4023 effectus
3822 3897 4187 4055 iffiffmhftii:

430 4054 755 4156 sortiri,
796 4076 878 4136 et
927 4044 1356 4158 obtinere,
1393 4083 1487 4143 ao
1538 4051 1644 4139 ab
1697 4052 1856 4137 illis
1891 4116 1921 4156 ‚
1957 4050 2060 4139 ad
2112 4082 2321 4169 quos
2368 4073 2733 4164 spectat,
2788 4074 2880 4139 et·
2920 4080 3071 4164 pro
3135 4073 3800 4169 temporequan-
3827 4078 4027 4153 misas.

431 4161 911 4286 documque
956 4171 1413 4283 spectabit,
1477 4172 1563 4257 in
1614 4173 2002 4258 omnibus
2038 4235 2062 4278 ,
2120 4195 2205 4260 et
2249 4200 2398 4285 per.
2446 4174 2722 4255 omnia
2805 4171 3276 4285 plenissime
3327 4169 3800 4285 suffragari,

433 4309 522 4373 et
568 4287 675 4377 ab
737 4292 855 4375 eis
917 4291 1369 4399 respective
1453 4288 2044 4377 inviolabiliter
2102 4291 2573 4400 observari,
2639 4291 2943 4407 Sicque
2993 4292 3076 4374 in
3146 4295 3604 4400 praemissis
3653 4322 3802 4403 per

351 4442 368 4450 ··
435 4437 1013 4526 quoscumque
1056 4404 1395 4494 Judices
1463 4404 1944 4494 ordinarios
1980 4470 2004 4514 ,
2072 4428 2175 4496 et‘
2228 4411 2668 4519 Delegatos
2704 4472 2729 4516 ,
2765 4436 2772 4443 ·
2810 4413 3072 4496 etiam·
3125 4409 3584 4497 Causarum
3653 4411 3803 4495 Pa-

436 4525 612 4612 latii
684 4528 1141 4644 Apostolici
1197 4524 1697 4637 Auditores,
1748 4524 2149 4643 judicari,
2216 4552 2300 4616 et
2348 4526 2657 4615 difiniri
2710 4527 3018 4615 debere
3056 4592 3080 4634 ,
3125 4550 3228 4615 ac
3279 4535 3603 4617 irritum
3641 4595 3666 4637 ,
3720 4556 3803 4617 et

438 4649 686 4737 inane
738 4711 762 4753 ,
830 4644 1244 4768 quidquid
1321 4668 1553 4739 secus
1601 4680 1847 4764 super
1892 4646 2019 4734 his
2069 4681 2113 4733 a
2163 4677 2584 4770 quoquam
2649 4653 2938 4766 quavis
3001 4657 3481 4740 auctoritate
3543 4656 3804 4740 scien-
3929 4694 3940 4705 ·

436 4788 562 4857 ter
594 4832 633 4875 2
686 4770 820 4857 vel
872 4773 1341 4878 ignoranter
1391 4771 1831 4887 contigerit
1877 4772 2285 4857 attentari.
3243 4804 3252 4813 ·
3581 4852 3592 4859 .

555 4888 622 4989 §-
680 4889 822 4977 23.
888 4887 1079 4977 Non
1133 4888 1653 4987 obstantibm
1730 4892 2246 5005 praemissis,
2309 4919 2404 4976 ac
2461 4912 2868 5007 quatenus
2922 4922 3129 5004 opus
3206 4897 3309 4977 sit
3398 4898 3581 5010 piae
3633 4922 3803 4977 me-
3847 4895 4188 5000 Derogatio

438 5008 749 5097 moriae
798 5007 1036 5095 Pauli
1103 5006 1214 5097 11.
1276 5031 1363 5097 et
1410 5010 1757 5099 aliorum
1846 5009 2409 5097 Romanorum
2493 5011 2991 5099 Pontificum
3067 5011 3800 5100 praedecessorum
3826 5000 4161 5145 ‹saffiram-

442 5148 913 5215 nostrorum
974 5123 1083 5212 de
1153 5128 1400 5215 rebus
1445 5130 1871 5221 Ecclemae
1944 5161 2113 5217 non
2165 5127 2673 5236 alienandis,
2745 5134 3026 5219 aliisve
3092 5137 3636 5248 Apostolicis,
3710 5167 3804 5219 ac
3978 5128 3990 5143 ’

443 5246 530 5331 in
597 5244 1227 5337 Universalibus
1264 5310 1289 5352 ,
1359 5247 2183 5368 provincialibusque
2267 5250 2667 5336 Conciliis
2749 5252 2987 5338 edilis
3037 5255 3555 5365 generalibus
3590 5324 3617 5362 ,
3670 5256 3807 5341 vel

444 5367 940 5483 specialibus
989 5363 1746 5460 Constitutionibus
1782 5433 1806 5476 ,
1871 5395 1955 5458 et
2026 5368 2769 5482 Ordinationibu3‚
2860 5404 2954 5457 ac
3019 5370 3289 5460 dictae
3338 5377 3803 5484 Ecclesiae,

445 5510 528 5605 et
579 5486 974 5579 Beneficii
1062 5491 1323 5581 etiam
1379 5496 1903 5609 juramento³,
1988 5488 2614 5579 confirmatione
2683 5494 3217 5607 Apostolica,
3305 5501 3438 5585 vel
3518 5498 3808 5619 quavis

444 5605 833 5705 firmitate
880 5608 1037 5700 alia
1084 5611 1487 5705 roboratis
1532 5614 1905 5721 statutis,
1956 5634 2040 5703 et
2089 5610 2834 5702 consuetudinibus
2872 5676 2896 5719 ,
2950 5618 3394 5732 privilegiis
3447 5650 3808 5743 quoque,

2734 5736 3010 5827 002
