4834 6409
3625 497 3792 606 243

420 622 667 723 nibus
726 650 1101 740 unquam
1165 619 1710 710 exitiosiorem
1742 679 1768 722 ‚
1838 647 1995 710 nee
2054 614 2299 707 facile
2376 612 2911 706 avertendam
2948 676 2975 723 ,
3039 611 3794 736 deponendamque

413 766 730 864 pestem
801 771 973 828 esse
1023 742 1543 855 importatam
1604 741 1867 857 probe
1915 737 2524 851 intelligentes,
2608 770 2653 824 a
2733 737 3420 825 Fraternitatibus
3500 738 3794 825 vestris

418 883 852 977 eapropter
908 859 1449 949 vehementer
1522 863 2097 975 exposcimus,
2163 882 2259 946 ut
2316 856 2894 964 sedulitatem,
2958 856 3520 967 vigilantiam,
3586 886 3797 971 ope-

417 1012 767 1102 ramque
831 1003 1186 1067 vestram
1237 978 1452 1067 hanc
1503 1011 1848 1099 quoque
1897 983 1981 1065 in
2044 1002 2360 1093 partem
2416 978 2835 1064 collocetis
2897 977 3362 1062 salutarem.

536 1100 931 1221 Denique
982 1099 1515 1187 Venerabiles
1567 1099 1945 1202 Fratres,
2000 1099 2308 1188 Dilecti
2365 1097 2613 1202 Filii,
2666 1093 3060 1207 gaudium
3091 1158 3116 1200 ‚
3168 1118 3254 1181 et
3287 1124 3588 1181 corona
3644 1126 3790 1181 no·

423 1243 581 1306 stra
619 1283 644 1326 ‚
695 1224 1042 1305 scientes
1092 1248 1378 1332 parvas
1441 1250 1564 1307 res
1615 1216 2052 1310 concordia
2106 1247 2470 1315 crescere
2506 1279 2531 1324 ,
2583 1213 2987 1301 discordia
3041 1216 3429 1303 maximas
3488 1212 3781 1321 dilabi,

421 1343 848 1426 veritatem
900 1333 1290 1424 facientes
1340 1341 1423 1425 in
1479 1338 1874 1429 charitate
1923 1341 2299 1426 crescatis
2348 1357 2670 1452 oportet
2718 1337 2807 1420 in
2861 1336 3005 1420 illo
3053 1366 3200 1449 per
3247 1338 3519 1419 omnia
3562 1396 3587 1440 ‚
3641 1339 3791 1455 qui

423 1480 544 1545 est
610 1481 863 1573 caput
911 1453 1290 1544 Christus
1342 1520 1366 1563 ,
1430 1490 1528 1544 ex
1590 1489 1760 1577 quo
1822 1481 2088 1548 totum
2167 1489 2466 1571 corpus
2518 1477 3038 1569 compactum
3077 1517 3102 1560 ‚
3170 1475 3254 1541 et
3320 1484 3786 1540 connexum

421 1606 566 1693 per
614 1607 948 1663 omnem
998 1581 1400 1690 jacturam
1451 1578 2226 1681 subministrationis
2275 1574 2737 1667 secundum
2791 1577 3352 1691 operationem
3406 1576 3490 1657 in
3552 1604 3787 1660 men-

418 1725 695 1783 suram
747 1700 1403 1819 uniuscujusque
1451 1695 1805 1784 membri
1856 1690 2840 1809 augmentum‘korporis
2888 1693 3085 1783 facit
3145 1698 3232 1781 in
3295 1691 3789 1783 aedificatio-

420 1846 617 1901 nem
664 1819 791 1900 sui
842 1818 928 1901 in
981 1814 1398 1903 charitate.
1465 1817 1636 1902 Vos
1684 1818 1995 1927 igitur,
2075 1813 2356 1907 dilecti
2423 1813 2635 1922 filii,
2701 1812 3034 1902 obedite
3094 1815 3583 1927 Praepositis
3646 1845 3784 1901 ve·

421 1937 670 2040 stris,
734 1958 818 2023 et
864 1934 1286 2047 subjacete
1347 1938 1520 2045 eis3
1587 1939 1737 2047 ipsi
1790 1938 2010 2025 euim
2064 1935 2606 2049 pervigilant,
2673 1939 2902 2059 quasi
2957 1935 3357 2020 rationem
3408 1929 3787 2021 redditu·-
3843 1998 3848 2001 -

420 2054 518 2139 ri.
584 2053 701 2138 Et
746 2082 942 2161 vos,
1006 2052 1542 2141 venerabiles
1594 2054 1916 2144 Fratres
1953 2118 1978 2164 ,
2032 2060 2315 2175 siqua
2366 2058 2815 2145 consolatio
2852 2059 2933 2141 in
3003 2052 3390 2160 Christo,
3439 2057 3504 2138 si
3556 2052 3788 2174 quod

421 2171 801 2259 solatium
855 2172 1268 2261 charitatis
1296 2237 1328 2277 ,
1362 2177 1425 2257 si
1480 2202 1643 2294 qua
1693 2179 2033 2262 societas
2082 2177 2410 2290 spiritus
2442 2237 2467 2283 ‚
2519 2179 2583 2261 si
2637 2208 2799 2295 qua
2847 2177 3157 2263 viscera
3206 2177 3782 2281 miserationis,

421 2291 760 2405 implete
813 2289 1205 2404 gaudium
1261 2316 1630 2379 nostrum
1664 2355 1692 2399 ‚
1744 2318 1837 2382 ut
1901 2293 2124 2385 idem
2172 2298 2498 2410 sapiatis
2537 2358 2562 2402 ‚
2626 2291 3004 2383 eamdem
3054 2293 3535 2385 charitatem
3587 2325 3784 2381 cum

417 2411 813 2496 omnibus
886 2411 1335 2523 babentes,
1398 2435 1647 2532 atque
1723 2445 1917 2505 cum
1982 2418 2079 2503 iis
2138 2418 2652 2528 potissimum
2687 2477 2719 2519 ‚
2773 2445 2982 2533 quos
3059 2443 3250 2497 cum
3305 2410 3623 2499 isthinc·
3674 2412 3785 2503 ad

417 2526 592 2621 Nos
639 2533 1160 2618 accessissent
1192 2593 1217 2636 ‚
1284 2534 1584 2620 iterum
1636 2530 1740 2618 ad
1805 2565 1949 2622 vos
2001 2537 2516 2623 remittimus.
2586 2534 2761 2621 Hos
2807 2565 3002 2620 sane
3064 2528 3778 2651 quemadmodum

416 2671 754 2760 paterna
837 2651 1348 2762 benignitate
1399 2652 1804 2766 complexi
1881 2684 2165 2743 sumus
2213 2715 2241 2758 ‚
2304 2677 2400 2739 ut
2475 2658 2582 2742 ita
2637 2655 3189 2740 amantissime
3255 2653 3775 2766 suscipiatis,

417 2766 1002 2857 Fraternitates
1066 2792 1368 2858 vestras
1417 2774 1665 2859 etiam
1725 2795 1974 2888 atque
2039 2775 2286 2861 etiam
2354 2803 2790 2885 rogamus,
2858 2795 2942 2858 et
2989 2771 3466 2876 hortamur,
3530 2794 3783 2890 atque

415 2891 849 2975 unanimes
885 2886 1244 3004 idipsum
1282 2893 1724 2979 sentientes
1774 2891 1984 2981 nihil
2025 2924 2172 3009 per
2221 2897 2894 2995 contentionem,
2933 2922 3203 3011 neque
3254 2922 3399 3003 per
3448 2894 3781 2979 inanem

417 3004 760 3114 gloriam
792 3068 817 3112 ‚
868 3004 1014 3096 sed
1062 3010 1146 3091 in
1201 3006 1669 3098 humilitate
1713 3014 2168 3126 superiores
2221 3014 2578 3101 invicem
2631 3012 3169 3099 arbitrantes=
3224 3010 3524 3122 singuli
3576 3041 3777 3100 vero

417 3153 591 3210 non
641 3154 856 3243 quae
902 3157 1047 3213 sua
1099 3149 1345 3233 sunt,
1408 3126 1555 3215 sed
1591 3156 1802 3246 quae
1852 3131 2201 3221 aliorum
2253 3131 2916 3238 considerantes,
2982 3132 3259 3219 omnia
3308 3128 3550 3219 facite
3600 3134 3781 3223 sine

417 3245 1268 3353 murmurationibus,
1333 3270 1418 3333 et
1466 3249 2141 3340 haesitationibus
2176 3315 2205 3358 ,
2263 3277 2362 3343 ut
2419 3254 2593 3338 sitis
2642 3255 2821 3340 sine
2872 3251 3204 3370 querela
3241 3312 3265 3359 ,
3332 3272 3419 3339 et
3466 3251 3780 3369 simpli·

418 3391 553 3449 ces
588 3360 777 3447 Filii
807 3362 966 3453 Dei
1015 3366 1193 3453 sine
1242 3366 1879 3482 reprehensione
1927 3372 2007 3457 in
2062 3369 2337 3460 medio
2385 3372 2763 3461 Nationis
2811 3402 3145 3486 pravae,
3197 3392 3280 3457 et
3316 3401 3772 3484 perversae,

413 3480 631 3567 inter
680 3512 888 3600 qnos
935 3481 1230 3571 lucetis
1262 3547 1288 3592 ,
1338 3489 1556 3573 sicut
1601 3487 2033 3586 luminaria
2101 3493 2187 3579 in
2238 3490 2587 3581 Mundo.
2630 3490 2759 3577 De
2811 3514 3086 3578 cetero
3134 3488 3541 3602 gaudete,
3590 3523 3778 3608 per·

412 3597 619 3703 secti,
670 3621 983 3708 estote,
1048 3599 1267 3691 idem
1317 3609 1575 3720 sapite
1609 3668 1633 3712 ,
1686 3639 1971 3721 pacem
2025 3606 2379 3715 habete,
2445 3634 2532 3698 et
2577 3611 2810 3699 Deus
2863 3614 3080 3724 pacis
3112 3672 3138 3717 ,
3178 3632 3263 3697 et
3311 3608 3777 3700 dilectionis

413 3722 573 3806 erit
618 3721 1075 3824 vobiscum„
1140 3722 1338 3835 Quo
1388 3729 1772 3842 auspice,
1834 3752 1918 3815 et
1968 3726 2182 3817 duce
2243 3734 2529 3820 timere
2607 3761 2773 3817 non
2825 3728 3144 3817 dehetis
3193 3760 3772 3854 quaecumque

392 3840 803 3927 *inimicus
852 3840 1104 3930 homo
1153 3850 1588 3935 tentaverit
1633 3852 2282 3964 superseminare
2332 3851 2958 3945 contentionum
2997 3915 3022 3959 ‚
3087 3851 3767 3960 aemulationum,

412 3963 1025 4051 animositatum
1062 4025 1087 4069 ,
1152 3960 1747 4055 dissentionum
1775 4029 1812 4079 g,
1878 3964 2546 4077 detractionum,
2636 3974 3288 4059 susurrationum
3331 4032 3356 4072 ,
3415 3971 3775 4057 inflatio·

413 4107 681 4183 num,
741 4102 825 4164 et
871 4078 1369 4170 seditionum
1423 4087 1763 4186 zizania.
1828 4089 2069 4196 Quae
2116 4093 2184 4179 si
2231 4088 2442 4177 forte
2475 4153 2501 4198 ,
2587 4087 2812 4209 quod
2865 4090 3127 4196 absit,
3190 4113 3358 4176 sata
3418 4089 3775 4177 suboriri

414 4199 810 4303 noveritis
847 4255 873 4302 ,
936 4221 1079 4285 ant
1190 4232 1380 4290 uam
1465 4206 1988 4295 subolescant
2034 4272 2061 4317 ,
2153 4213 2425 4298 statim
2508 4209 2613 4297 ad
2692 4207 3148 4303 antedictos
3234 4209 3771 4298 Venerabiles

416 4313 743 4403 Fratres
793 4314 1153 4405 Cardina
1189 4351 1275 4406 es
1326 4318 1626 4410 referre
1675 4322 2157 4415 adnitamini
2189 4390 2215 4436 ,
2299 4352 2394 4416 ut
2453 4333 2825 4447 nequitia
2888 4352 3350 4445 opportune
3412 4325 3771 4414 elidatur

411 4435 501 4520 in
584 4436 920 4522 semine.
977 4437 1320 4527 Interim
1388 4440 1953 4557 ,Apostolicam
2016 4446 2685 4537 benedictionem
2724 4509 2750 4556 ,
2830 4481 3085 4568 quam
3134 4479 3306 4535 esse
3389 4449 3769 4563 cupimus

411 4557 869 4669 auspicium
920 4554 1027 4643 ad
1073 4590 1498 4674 prosperos
1535 4621 1559 4667 ,
1626 4559 2074 4685 felicesque
2157 4567 2535 4657 laborum
2615 4593 3077 4658 vestrorum
3136 4599 3556 4657 successus
3593 4632 3617 4676 ,
3683 4594 3770 4658 et

406 4678 706 4790 pignus
755 4698 1132 4766 aeternae
1184 4681 1744 4773 retributionis
1793 4689 1877 4772 in
1930 4687 2206 4779 Coelis
2252 4689 2572 4795 Vobis,
2626 4689 3155 4777 venerabiles
3207 4688 3579 4797 Fratres,
3623 4688 3770 4776 Di·

408 4794 604 4881 lecti
659 4795 914 4902 Filii,
966 4826 1485 4912 peramanter
1534 4804 2072 4918 impertimur.

531 4913 847 5001 Datum
900 4916 1209 5008 Romae
1257 4917 1480 5036 apud
1532 4922 1612 5007 S.
1652 4925 1996 5015 Mariam
2045 4929 2451 5043 Maiorem
2499 4930 2658 5017 snb
2710 4930 3052 5018 Annulo
3128 4928 3559 5016 Piscatoris
3621 4927 3760 5021 die

410 5063 555 5125 21.
593 5032 793 5121 Julii
852 5036 1101 5152 1738.
1155 5038 1696 5133 Pontificatus
1747 5050 2003 5137 nostri
2050 5081 2273 5139 anno
2323 5080 2570 5138 none.

2302 5171 2419 5258 D.
2457 5169 2945 5259 Cardinalis
2997 5172 3522 5259 Passionem.

2535 5648 2814 5741 Rha
