4834 6409
3667 462 3712 516 2

393 591 594 653 nore
640 559 1219 678 praesentium·
1266 551 1757 654 damnamus
1796 614 1820 660 ‚
1884 573 1969 639 et
2020 548 2561 668 reprobamus
2591 615 2618 662 ‚
2685 553 3112 672 ipsiusque
3186 549 3383 639 libri
3443 462 3785 667 impresy·
3809 550 4180 659 denda-‘Or-

388 692 703 772 sionem
743 746 772 789 ,
833 677 1540 795 descriptionem,
1607 677 2047 782 lectionem
2091 737 2115 782 ,
2182 677 2734 763 retentionem
2773 736 2807 782 ,-
2863 696 2951 767 et
3018 703 3270 761 usum·
3328 673 3718 762 omnibus
3757 644 4172 806 ,ξὲῗῖζζωυξ-

391 832 476 894 et
522 802 870 916 singulis
917 796 1227 885 Christi
1276 795 1667 887 fidelibus
1695 861 1724 902 ,
1805 799 2051 882 etiam
2130 793 2510 909 specifica
2550 861 2581 901 ,
2627 820 2743 883 ·et
2792 793 3235 885 individua·
3292 797 3720 886 mentione
3758 759 4135 905 ‚mimmius

393 952 478 1013 et
527 921 1049 1039 expressione
1102 918 1377 1033 dignis
1426 919 1585 1005 sub
1635 948 1899 1033 poena
1953 919 2830 1035 excommnuicationis
2905 939 3055 1031 per
3075 915 3800 1006 :contrafacientes
3841 995 3873 1012 ,.

398 1051 580 1162 ipso
649 1041 875 1129 sacto
938 1039 1253 1159 absque
1320 1039 1507 1126 alia.
1560 1036 2117 1126 declaratione
2190 1035 2702 1132 incurrendo
2730 1104 2763 1144 ,
2827 1069 2876 1122 a
2953 1067 3116 1156 qua
3171 1068 3422 1126 nemo
3471 1070 3516 1125 a
3582 1063 3792 1160 quo-

399 1196 665 1284 quam.
700 1168 737 1269 <
768 1153 1338 1282 praeterquam
1391 1193 1437 1247 a
1490 1160 1755 1246 Nobis
1790 1225 1821 1266 ,
1885 1189 2028 1244 sen
2083 1157 2461 1256 Romano
2511 1156 2928 1247 Pontifice-
2983 1189 3142 1275 pro‘
3183 1180 3558 1277 tempore
3618 1166 3784 1247 exi·

401 1281 749 1399 stente)
837 1286 994 1369 nisi
1061 1283 1161 1366 in.
1211 1283 1502 1368 mortis
1577 1280 1945 1380 articulo,
1992 1282 2493 1388 constitutus
2529 1344 2554 1388 ‚
2648 1279 3189 1367 absolutionis
3267 1275 3775 1379 heneficium

395 1405 666 1491 valeat
719 1401 1159 1507 obtinere,
1223 1403 1566 1488 omnino
1620 1399 2197 1502 interdicimus
2244 1464 2270 1505 ‚
2337 1422 2423 1486 et
2500 1400 3064 1516 prohibemns,
3135 1397 3535 1488 volentes
3571 1464 3597 1509 ,
3663 1397 3814 1498 fetss„

401 1522 694 1612 eadem
761 1520 1828 1614 auctoritatemandantes:
1901 1544 1998 1606 ut
2059 1523 2573 1640 quicumque
2637 1523 2945 1607 librum
2998 1517 3475 1637 hujusmodi
3531 1553 3800 1638 penes*
3837 1573 3859 1630 χ-

399 1677 489 1732 se
547 1644 933 1747 habuerit
982 1709 1006 1752 ,
1072 1644 1209 1730 vel
1240 1646 1355 1730 ..in
1421 1641 1799 1728 futurum
1888 1640 2595 1761 quandocumque
2639 1640 3044 1749 habebit,
3114 1643 3354 1727 illum
3439 1646 3715 1729 statim
3757 1707 3783 1748 ,
3847 1748 3851 1751 Α

399 1787 659 1885 atque
712 1787 1174 1881 praesentes
1222 1764 1507 1851 literae
1584 1766 1683 1849 ei,
1739 1765 2254 1848 innotuerint
2301 1825 2355 1870 ,,
2395 1763 2766 1849 locorum
2822 1761 3343 1870 Ordinarii5‚
3403 1763 3543 1850 vel
3595 1763 3793 1850 hae·

402 1888 713 1971 reticae
786 1886 1207 2001 pravitatis
1245 1883 1920 2000 .Inqnisitoribus
2002 1879 2324 1969 tradere
2372 1945 2400 1988 ‚
2463 1907 2719 2001 atque
2803 1886 3288 1996 consignare
3349 1906 3791 1996 teneatur3

400 2003 489 2090 hi
546 2035 746 2102 {vero
794 2006 1286 2120 exemplaria
1352 2004 1509 2087 sibi
1572 2006 1690 2089 sic
1767 2000 2064 2088 tradita
2149 2003 2383 2087 illico·
2438 1999 2834 2093 „flammis‘
2887 2005 3199 2091 aboleri
3262 2028 3615 2091 curent.
3685 2004 3786 2090 Iu

405 2129 921 2212 contrarium
970 2122 1471 2210 facientibus
1518 2149 1683 2207 non
1738 2122 2261 2209 obstantibus
2313 2122 3011 2244 quibuscumque

519 2248 586 2345 S.
657 2279 736 2331 2.
806 2247 932 2332 Ut
993 2266 1271 2329 autem
1325 2240 1661 2328 eaedem
1741 2266 2210 2357 praesentes
2274 2244 2558 2330 literae
2610 2248 3001 2331 omnibus
3049 2241 3375 2331 facilius
3426 2245 3790 2332 innotes-

404 2391 597 2455 cant
632 2431 661 2470 ‚
726 2396 885 2451 nec
937 2367 1377 2483 quisquam
1427 2364 1753 2448 illarum
1810 2367 2355 2474 ignorantiam
2409 2364 2759 2475 allegare
2824 2367 3132 2480 possit,
3200 2365 3589 2452 volumus
3627 2429 3651 2472 ‚
3706 2389 3791 2453 et
3831 2369 4185 2441 Chuwlae·

401 2489 885 2574 auctoritate
947 2482 1369 2600 praedicta
1449 2481 2037 2590 decernimus,
2105 2485 2282 2568 illas
2367 2480 2475 2570 ad
2556 2484 2832 2574 valvas
2916 2486 3312 2573 Basilicae
3378 2485 3790 2601 Principis
3859 2563 3864 2572 ,

400 2606 1041 2723 Apostolorum,
1095 2635 1191 2690 ac
1243 2602 1810 2689 Cancellariae
1856 2606 2438 2713 Apostolicae,
2497 2637 2825 2691 necnon
2882 2605 3189 2693 Curiae
3242 2601 3645 2717 generalis
3698 2610 3789 2693 in

396 2728 687 2814 Monte
742 2723 1195 2830 Gitatorio,
1262 2746 1346 2809 et
1395 2726 1479 2807 in
1563 2724 1768 2808 Acie
1819 2721 2114 2836 Campi
2170 2722 2464 2807 Florae
2517 2721 2623 2808 de
2709 2726 2948 2810 Urbe
3025 2757 3174 2838 per
3253 2729 3619 2840 aliquem
3689 2749 3789 2812 ex·

402 2846 910 2933 Cursoribus
975 2847 1319 2949 nostris,
1386 2866 1481 2928 ut
1544 2846 1793 2928 moris
1839 2866 2022 2948 est,
2084 2841 2551 2954 publicari,
2617 2843 3125 2963 illarumque
3204 2845 3575 2959 exempla
3629 2845 3789 2931 ibi-

411 2967 605 3055 dem
658 2964 896 3051 affixa
950 2966 1304 3082 relinqui
1357 3027 1384 3070 ,
1451 2966 1559 3049 ita
1641 2986 1736 3048 ut
1809 2965 1927 3047 sic
1990 2961 2461 3075 publicatae
2527 2994 2873 3070 omnes,
2941 2988 3025 3051 et
3087 2966 3513 3076 singulos,
3579 2997 3788 3084 quos

404 3107 984 3185 concernunt,
1066 3081 1412 3195 perinde
1494 3081 1921 3189 afficiant,
1991 3114 2083 3167 ac
2134 3083 2199 3167 si
2267 3086 2748 3201 unicuique»
2804 3086 3137 3171 illorum
3195 3083 3771 3199 „personaliter
3855 3146 3876 3154 ι
4012 3082 4022 3094 ’

412 3201 948 3308 notificatae,
1016 3223 1098 3287 et
1175 3203 1596 3289 intimatae
1640 3199 2046 3314 fuissent3
2113 3204 2472 3316 ipsarum
2541 3229 2814 3290 autem
2887 3206 3306 3296 literarum
3377 3233 3794 3295 transum-

409 3327 575 3439 ptis
609 3323 850 3427 ,seu
905 3321 1297 3437 exemplis
1345 3384 1370 3425 ,
1434 3325 1676 3408 etiam
1750 3325 2159 3436 impressis
2196 3385 2219 3425 ‚
2306 3354 2561 3408 manu
2641 3325 2992 3439 alicujus
3069 3325 3388 3416 Notarii
3444 3325 3792 3441 ‘publici

410 3443 947 3556 subscripti5‚
1002 3464 1093 3558 et
1143 3440 1411 3553 sigillo
1489 3443 1895 3529 Personae
1978 3446 2063 3527 in
2150 3442 2729 3531 Ecclesiastica
2808 3444 3208 3557 dignitate
3285 3452 3789 3538 constitutae

415 3565 761 3650 munitis
786 3626 819 3666 ,
877 3558 1256 3652 eamdem
1314 3592 1643 3677 prorsus
1696 3560 1950 3648 fidem
1998 3587 2168 3647 tam
2220 3565 2302 3646 in
2355 3560 2724 3676 judicio,
2778 3597 3038 3684 quam
3084 3590 3302 3656 extra
3343 3568 3555 3656 illud
3606 3568 3793 3654 ubi·

410 3714 583 3887 ?ue
633 3682 1004 3782 locorum
1066 3680 1414 3789 haberi,
1484 3681 2198 3802 quae-haberetur
2259 3684 2454 3796 ipsis
2536 3687 3163 3799 praesentibu3‚
3229 3693 3297 3775 si
3377 3689 3794 3778 exhibitae

377 3843 385 3850 “
450 3824 688 3888 orent
724 3864 748 3908 ,
807 3804 947 3888 vel
997 3824 1394 3889 ostensae.

542 3920 858 4008 Datum
923 3922 1231 4008 Romae
1294 3921 1520 4038 apud
1566 3925 1969 4010 ⁴Sanctam
2018 3921 2369 4009 Mariam
2417 3924 2821 4040 Maiorem
2875 3926 3033 4013 sub
3100 3927 3444 4018 Annulo
3498 3931 3796 4026 Pisca—

419 4044 619 4128 toris
659 4039 804 4129 die
851 4042 1097 4132 xm.
1150 4041 1201 4128 J
1209 4044 1353 4133 ulii
1405 4042 2603 4148 MDCCVmAEontificams,
2646 4053 2906 4134 nostri
2954 4075 3178 4134 anno
3227 4074 3542 4139 octavo.

587 4403 1081 4489 Damnatur
1108 4468 1133 4510 ‚
1198 4423 1280 4490 et
1319 4407 1812 4519 prohibetur
1870 4409 2089 4495 liber
2122 4413 2307 4502 sub·
2338 4416 2467 4508 tit,
2534 4411 2976 4499 Enretiens
3024 4446 3168 4500 sur
3215 4414 3313 4510 le,
3340 4401 3629 4504 decret

1054 4523 1161 4612 de
1214 4524 1475 4617 Rome
1527 4529 1942 4616 contre-le
1990 4529 2398 4626 Nouveau
2452 4531 2933 4621 Testament
3007 4557 3172 4623 etc.
3233 4619 3240 4626 ,

543 4706 575 4746 ”
682 4703 797 4870 'J
930 4761 2124 4950 CLEMENS
2269 4768 2880 4894 PAPA
3020 4735 3227 4888 xl.

1313 5071 1321 5088 ,
1360 5014 1515 5100 Ad
1562 5035 2081 5132 perpetuam.
2120 5024 2254 5102 rei
2313 5028 2843 5110 memoriam.

478 5321 511 5340 -.
562 5158 937 5359 Cum,
995 5253 1212 5340 sicut
1259 5257 1728 5370 accepimus
1778 5320 1802 5363 ‚
1865 5260 1977 5355 sin
2010 5257 2301 5343 -lucem
2358 5259 2762 5373 prodierit
2810 5262 3046 5350 liber-
3109 5260 3457 5383 quidam
3517 5262 3815 5376 gallico

429 5368 1151 5468 idiomate-editus
1184 5437 1215 5480 ,
1279 5378 1450 5472 cui,
1478 5375 1768 5460 titulus
1790 5412 1816 5458 -:
1884 5376 2343 5463 Estretiens
2392 5410 2543 5465 sm·
2603 5383 2680 5466 le
2725 5380 3004 5481 decret
3056 5381 3164 5467 dc
3225 5384 3491 5468 Rome
3528 5404 3813 5471 contre
3869 5380 4203 5492 ‚Rssstfflr

427 5491 503 5574 le
549 5490 966 5595 Nouueau
986 5553 994 5558 -
1012 5495 1515 5592 Testament'
1566 5491 1682 5596 -de
1732 5496 2103 5586 Chalous-
2136 5552 2175 5605 5
2220 5522 2820 5624 ‚ac-compagae».
2850 5502 2958 5588 de
3019 5502 3488 5622 reflexion-5
3539 5535 3817 5592 mora·
3839 5471 4007 5545 ''b“
4073 5500 4207 5545 '¹¹²⁸

434 5610 548 5697 les
626 5644 740 5697 au
808 5612 972 5698 l'on
1018 5613 1419 5707 decouvre
1477 5614 1558 5702 le
1605 5619 1796 5706 vrai
1842 5615 2112 5734 mons
2143 5614 2247 5703 de
2307 5650 2401 5708 ce
2449 5616 2727 5708 decr-et
2808 5654 2957 5718 on,-
2996 5627 3353 5709 sentient
3416 5623 3550 5712 les·
3585 5622 3815 5711 droit
3839 5587 4008 5726 523
4052 5590 4208 5638 (ω’

2619 5741 2818 5829 Da
