4834 6409
424 573 1021 666 custodiantur.
1091 571 1238 658 VI.
1303 571 1698 686 Inspiciat
1757 571 2004 681 etiam
2072 574 2414 689 quinam
2479 572 2849 662 vestibus
2926 570 3413 685 indigeant,
3481 598 3579 661 ut
3625 457 3805 660 {61:¹-

420 699 604 784 bati
666 691 982 787 referat.
1037 693 1172 779 Eo
1220 723 1417 781 vero
1469 690 1940 778 inconsulto
1991 691 2197 777 nihil
2250 694 2609 808 cuipiam
2673 692 2929 780 dabit.
2999 694 3225 778 Vll...
3258 695 3504 783 Linei
3550 696 3808 810 panni

425 818 664 901 lotori
695 877 722 921 ,
771 817 943 900 sive
993 836 1376 905 externus
1436 812 1574 897 ille
1624 813 1728 896 sit
1762 873 1788 916 ,
1854 814 2026 898 sive
2076 809 2575 899 domesticus
2610 876 2636 920 ,
2703 817 3005 928 scripto
3060 844 3413 903 numero
3462 812 3801 921 dentur,-

429 958 513 1022 et
563 936 1095 1047 accipiantur.
1161 932 1398 1018 VIII.
1476 931 1856 1017 Tunicae
1914 933 2433 1043 singulorum
2474 995 2500 1039 ,
2564 965 2781 1050 quae
2845 956 3200 1021 staturae
3270 933 3813 1020 induentium

432 1056 875 1142 convenire
926 1053 1239 1141 debent
1274 1098 1304 1155 ·,
1367 1053 1619 1161 signis
1664 1050 2298 1165 particularibus
2360 1055 3025 1139 internoscantur
3060 1116 3086 1160 ,
3152 1058 3260 1147 ne
3326 1086 3459 1141 eas
3506 1056 3814 1168 permi-

433 1177 637 1260 sceri
692 1176 1138 1285 contingat.
1195 1171 1345 1256 IX.
1418 1170 1753 1259 Sabbati
1809 1201 2142 1284 vespere
2190 1172 2406 1257 linea
2461 1169 2774 1257 munda
2826 1206 2973 1288 per
3049 1204 3353 1260 omnes.
3385 1175 3633 1260 cellas
3682 1170 3816 1271 di·-

432 1294 807 1379 stribuat.
862 1293 1304 1379 Dominica
1355 1320 1552 1378 vero
1602 1288 1764 1394 die,
1833 1321 2075 1377 mane
2123 1324 2219 1375 ex
2268 1291 2579 1378 eisdem
2636 1294 2861 1377 cellis
2913 1291 3341 1380 immunda
3407 1294 3811 1404 colligat.;

441 1436 526 1499 et
576 1443 677 1496 an
734 1415 1070 1518 omn-ia,
1137 1442 1349 1532 quae
1400 1406 1810 1516 dederat,
1854 1412 2270 1524 recipiat,
2302 1410 2925 1502 animadvertat.

1732 1646 1803 1731 C
1831 1756 1842 1767 ⁸
1870 1650 1942 1732 A
2009 1648 2104 1733 Ρ.
2214 1649 2540 1736 XVIII.

1771 1886 1931 1970 =De
1985 1885 2488 1973 Cellararzb.

565 2133 629 2216 1.
700 2124 1299 2219 Custodien‘dis
1368 2128 1453 2211 in
1518 2125 1997 2211 Monasterii
2061 2124 2424 2212 Cellario
2483 2124 2983 2237 victualibus
3018 2192 3044 2234 ,
3099 2129 3205 2213 ab
3255 2125 3587 2216 Abbate
3637 2127 3826 2213 Cel·

443 2251 784 2337 lararius
837 2248 1282 2362 deputetur
1316 2307 1341 2351 ,
1397 2248 1524 2331 vir
1583 2246 1959 2350 sobrius,
2013 2269 2095 2330 et
2149 2275 2313 2335 non
2388 2243 2839 2359 prodigus:
2898 2245 3291 2366 idemque
3347 2278 3627 2335 curam
3684 2248 3827 2332 ha-

444 2371 639 2456 beat
691 2371 1067 2454 omnium
1132 2372 1417 2451 eorum
1470 2428 1499 2468 ,
1552 2395 1765 2482 quae
1814 2361 1918 2448 ad
1983 2365 2264 2450 cibum
2299 2426 2322 2469 ,
2378 2387 2462 2450 et
2509 2389 2799 2479 potum
2847 2390 3223 2480 spectant
3268 2429 3297 2471 ,
3362 2368 3685 2477 singula
3734 2369 3827 2452 in

447 2490 649 2574 locis
697 2491 866 2573 suis
931 2488 1304 2599 reposita,
1351 2505 1434 2569 et
1484 2485 1754 2585 clausa
1811 2512 2159 2569 servans.
2238 2483 2344 2566 II.
2415 2483 2512 2569 In
2570 2485 2816 2570 rebus
2868 2483 3459 2577 distribuendis
3506 2491 3831 2601 jussum

449 2607 800 2692 Abbatis
862 2629 1300 2723 sequatur:
1370 2604 1488 2688 Et
1536 2605 1915 2721 quamvis
1980 2605 2541 2689 communiter
2620 2607 3197 2722 aequalitatem
3266 2608 3481 2690 inter
3545 2636 3829 2709 omnes

450 2758 777 2815 servare
839 2724 1146 2826 debet,
1209 2722 1509 2807 habeat
1585 2746 1859 2807 tamen
1933 2720 2530 2827 Infirmorum.,
2570 2720 3377 2810 ,convalescentium
3416 2787 3443 2831 ,
3507 2755 3833 2811 eorum-

452 2878 670 2962 que,
725 2849 870 2964 qui
924 2842 1326 2926 laboriosa
1404 2870 1646 2953 opera
1711 2845 2665 2948 exercent,'rationem,
2724 2856 2975 2956 prout
3045 2846 3118 2929 ei
3189 2842 3438 2933 fuerit
3497 2845 3606 2930 ab
3655 2844 3830 2928 Ab·

450 2964 642 3048 bate
695 2958 1291 3075 praescriptum
1321 3022 1346 3062 ,
1398 2962 1574 3067 sine
1624 2964 1864 3070 cujus
1914 2961 2252 3047 arbitrio
2332 2989 2604 3078 neque
2650 2962 3165 3075 jentaculum
3203 3025 3227 3070 ,
3284 2994 3558 3081 neque
3586 2959 3835 3077 ‚alind

456 3079 890 3198 quidpiam
967 3082 1116 3163 ulli
1192 3076 1616 3165 concedet.
1683 3078 1837 3163 111.
1907 3083 2378 3199 Antequam
2458 3084 2838 3194 poenitus
2907 3082 3446 3168 absumantur
3516 3084 3836 3169 ¹victuae

457 3201 563 3287 lia
600 3265 630 3306 ,
685 3232 897 3321 quae
955 3203 1034 3284 in
1088 3198 1592 3284 Monasterio
1643 3197 2270 3306 reconduntur,
2342 3200 2757 3287 Abbatem
2813 3198 3252 3288 admoneat
3284 3265 3310 3310 ,
3373 3224 3473 3286 ut
3521 3224 3551 3285 t

459 3324 666 3407 stive
720 3351 864 3435 per
915 3319 1500 3406 Oeconomum
1551 3315 1985 3433 providere
2049 3319 2527 3433 possin-IV.
2582 3317 2844 3405 Curet
2874 3318 3381 3411 munditiem
3427 3340 3594 3407 tam
3646 3320 3840 3409 ‚Gel-

460 3440 698 3544 larii,
751 3471 1003 3558 quam
1056 3434 1497 3525 Refectorii
1530 3501 1555 3544 ,
1620 3468 2078 3555 eorumque
2127 3443 2534 3544 omnium,
2588 3469 2800 3555 quae
2840 3443 3027 3555 ejus
3078 3441 3366 3526 usibus
3413 3444 3843 3527 serviuntr

461 3583 727 3676 utque
801 3589 1132 3645 mensae
1197 3556 1443 3643 rebus
1508 3561 1982 3643 necessariis
2043 3581 2371 3672 paratae
2430 3560 2596 3645 sint
2645 3619 2668 3661 ,
2724 3590 2916 3643 cum
2981 3557 3446 3647 refectionis
3511 3560 3842 3671 signum

464 3676 822 3764 dabitur.
887 3679 992 3763 V.
1065 3673 1558 3788 Catalogum
1610 3674 1908 3764 habeat
1959 3707 2229 3762 rerum
2264 3740 2287 3784 ,
2342 3707 2557 3794 quae
2619 3673 2723 3762 ad
2772 3675 3227 3763 Cellarium
3267 3742 3292 3786 ,
3356 3699 3442 3764 et
3506 3679 3611 3766 ad
3683 3679 3842 3766 Re-

463 3796 900 3886 fectorium
967 3800 1407 3913 pertinent.
1473 3797 1849 3883 Alterum
1905 3798 2146 3882 etiam
2201 3822 2549 3901 eorum,
2603 3827 2816 3913 quae
2865 3828 3013 3912 per
3062 3796 3655 3906 hebdomadae,
3696 3825 3841 3887 ant
3922 3908 3927 3913 Ι

465 3949 788 4004 menses
851 3916 1196 4003 debebit
1257 3916 1686 4002 Fratribus
1737 3917 2196 4029 ministrare
2250 3940 2413 4001 tam
2467 3918 2552 4000 in
2606 3915 2795 4001 cibo
2830 3979 2853 4021 ,
2920 3948 3173 4034 quam
3223 3920 3304 4002 in
3357 3943 3587 4031 potu.
3641 3918 3843 4005 Ter-

467 4038 677 4119 tium
734 4032 1101 4153 denique
1138 4067 1453 4141 eorum,
1510 4040 1652 4153 qui
1723 4045 2058 4125 mensae
2109 4037 2647 4123 ministraturi
2698 4057 2916 4119 sunt.
2979 4037 3123 4121 VI.
3179 4035 3420 4144 Quae
3468 4069 3565 4125 ex
3613 4067 3844 4122 men-

464 4187 551 4239 sa
616 4177 1058 4267 supersunt
1099 4217 1123 4261 ,
1187 4154 1572 4263 colliget,
1639 4179 1889 4275 atque
1940 4153 2240 4272 Coquo
2291 4150 2618 4259 tradet,
2669 4156 2816 4271 qui
2864 4154 3001 4241 illa
3055 4157 3601 4264 conservabit,
3652 4186 3839 4242 me-

466 4303 647 4356 mor
712 4277 1207 4386 paupertatis
1245 4336 1270 4378 ,
1338 4294 1432 4356 ut
1497 4297 1582 4362 et
1645 4273 2190 4381 domesticis,
2273 4295 2358 4362 et
2438 4276 2793 4361 externis
2863 4276 3365 4391 pauperibus
3424 4279 3612 4363 usui
3671 4304 3845 4362 esse

480 4394 818 4506 possint,
856 4396 1081 4509 juxta
1134 4397 1726 4511 praescriptum
1780 4390 2150 4480 Abbatis.

1806 4554 1916 4717 c*
1944 4553 2179 4717 ff'P.
2303 4629 2549 4719 xlx.

1745 4822 1794 4855 ².-

1908 4870 2050 4956 De
2117 4873 2293 4989 θοι]
2302 4902 2431 4954 uc.

479 5166 488 5177 ·
598 5110 666 5194 I.
737 5111 835 5195 In
891 5111 990 5193 iis
1058 5112 1500 5217 omnibus,
1537 5138 1751 5229 quae
1800 5104 1906 5195 ad
1956 5141 2200 5201 suum
2251 5139 2560 5197 munus
2613 5110 3080 5224 pertinent,
3124 5107 3634 5199 munditiem
3690 5143 3855 5199 ser-

477 5252 621 5317 vet
669 5236 841 5347 ipse
890 5293 916 5335 ,
970 5252 1053 5314 et
1102 5230 1208 5315 ab
1286 5232 1465 5317 aliis
1524 5226 2010 5316 servandam
2076 5252 2355 5317 curet:
2430 5225 2742 5347 detque
2820 5244 3154 5342 operam
3198 5253 3316 5317 ‚ut
3374 5235 3666 5321 ,omnia
3734 5263 3859 5320 re·

481 5375 616 5437 cte
652 5414 677 5458 ,
727 5374 811 5438 et
858 5371 1322 5462 opportune
1365 5371 1766 5466 parentur
1793 5384 1817 5458 3
1869 5379 1959 5434 ea
2011 5350 2514 5462 praesertim,
2578 5378 2794 5467 quae
2843 5345 2950 5435 ad
2996 5371 3365 5460 aegrotos
3411 5354 3854 5465 pertinent.

486 5470 610 5554 11„
667 5467 1087 5559 Semihora
1125 5531 1150 5575 ,
1198 5491 1342 5555 aut
1405 5470 1690 5557 saltem
1755 5492 2044 5586 quarta
2110 5467 2355 5557 horae
2418 5494 2649 5583 parte
2686 5531 2711 5575 ,
2779 5490 3223 5586 antequam
3276 5470 3361 5554 in
3430 5501 3709 5559 mensa
3759 5470 3864 5560 sit

483 5588 941 5799 sedencqlqum
979 5594 1523 5793 ,Hpraeparati
1591 5620 1877 5677 omnes
1927 5589 2093 5679 cibi
2143 5621 2313 5709 esse
2365 5586 2701 5681 debent.
2773 5586 2920 5797 11AE
3006 5586 3252 5675 Circa
3301 5591 3784 5712 qualitatem
3833 5655 3858 5703 ,

821 5740 979 5792 om.
1085 5769 1104 5791 .
2936 5739 2979 5792 z
