4834 6409
3607 480 3779 572 365

380 637 477 691 su
530 603 916 694 Abbatis-
953 607 1387 696 Generalis
1450 644 1493 696 a
1545 610 2235 697 Monasteriorum
2307 607 2783 697 Abbatibus
2833 629 3133 695 statum
3190 664 3213 710 ‚
3278 624 3363 689 et
3427 604 3783 691 rationes

380 728 711 838 exigant
756 732 1274 838 singulorum
1330 732 2024 815 Monasteriorum
2066 760 2449 847 ,easque
2511 731 2591 814 in
2682 726 3226 819 Tabularium
3300 726 3550 815 totius
3621 723 3779 809 Or-

384 841 606 930 dinis
659 847 1130 937 referendas
1167 915 1190 957 ,
1259 851 1527 937 eidem
1585 849 1972 935 Generali
2026 851 2336 936 Abbati
2390 848 2856 934 exhibeant.
2914 847 3231 956 Quarta
3294 841 3429 939 die
3496 876 3783 958 proce-

384 962 614 1051 ditur
664 970 748 1052 in
802 971 1295 1057 electionem
1349 973 1696 1059 Abbatis
1749 968 2179 1056 Generalis
2218 1032 2242 1076 ,
2309 992 2393 1055 et
2441 969 3170 1081 Hegumenorum,
3239 988 3336 1049 ut
3386 964 3619 1050 iufra.
3690 964 3779 1050 Si

379 1108 656 1172 autem
727 1121 891 1175 non
976 1093 1085 1177 ob
1145 1093 1636 1181 electionem
1708 1090 2238 1206 Superiorum
2282 1151 2306 1193 ,
2386 1087 2529 1176 sed
2603 1090 2712 1174 ob
2780 1090 3020 1174 aliam
3089 1117 3413 1173 causam
3496 1107 3777 1172 coacta

379 1202 635 1293 fuerit
685 1207 1236 1323 Congregatio
1274 1275 1297 1317 ,
1365 1214 1470 1300 de
1525 1211 1660 1296 illa
1720 1212 2227 1297 tractabitur.
2280 1210 2589 1294 Tribus
2638 1211 3068 1324 postremis
3119 1205 3415 1291 diebus
3465 1206 3774 1291 Mona-

385 1324 734 1439 chorum
790 1364 1081 1419 causae
1134 1329 1557 1437 finiantur,
1610 1356 2068 1450 eorumque
2116 1330 2546 1447 postulatis
2610 1326 2992 1433 satisfiat,
3063 1352 3145 1413 et
3200 1330 3262 1411 si
3318 1325 3524 1444 quid
3578 1358 3772 1411 con-

377 1466 499 1530 tra
573 1449 970 1560 Regulam
1029 1515 1052 1554 ,
1131 1451 1789 1539 Constitutiones
1840 1515 1864 1558 ,
1944 1453 2082 1535 vel
2159 1449 2835 1535 Consuetudines
2914 1446 3253 1532 Ordinis
3336 1471 3766 1559 peccatum

375 1586 549 1673 est,
616 1574 1092 1681 corrigatur.
1168 1572 1365 1658 XII.
1436 1576 1803 1684 Septimo
1853 1570 1989 1657 die
2039 1591 2475 1687 postquam
2532 1570 3080 1679 Congregatio
3152 1571 3585 1654 terminata
3649 1587 3772 1651 est

375 1680 571 1776 dato
621 1690 858 1797 signo
911 1725 952 1775 a
1007 1692 1311 1781 Gener.
1374 1693 1752 1799 Abbate,
1823 1697 2231 1804 aperiatur
2299 1715 2591 1802 porta,
2652 1697 2759 1773 ita
2814 1711 2908 1772 ut
2959 1692 3204 1773 etiam
3263 1718 3423 1773 non
3501 1688 3766 1773 Voca-

373 1804 491 1895 les
554 1806 835 1897 adesse
918 1815 1290 1928 possint«,
1354 1839 1437 1901 et
1512 1810 1824 1897 audire.
1891 1813 2112 1895 Tum
2194 1847 2234 1899 a
2307 1811 2592 1895 Scriba
2664 1809 3338 1920 Congregationis
3394 1808 3766 1918 legatur.

372 1925 428 2008 1.
510 1928 830 2014 Tabula
887 1963 1291 2019 novorum
1349 1930 1864 2018 officialium
1952 1965 1998 2016 a
2075 1956 2244 2021 tota
2301 1931 2988 2040 Congregatione,
3042 1930 3213 2014 s'ive
3265 1928 3377 2013 ab
3436 1927 3770 2015 Abbate

373 2044 762 2135 Generali
802 2111 826 2156 ,
893 2074 977 2137 et
1046 2054 1553 2166 Hegumenis
1617 2054 2068 2138 electorum
2125 2116 2148 2158 ,
2214 2085 2370 2139 nec
2426 2081 2587 2137 non
2644 2047 3246 2133 Monachorum
3320 2045 3423 2132 ad
3479 2047 3770 2130 Mona-

372 2171 644 2271 steria,
669 2200 898 2285 quae
946 2170 1168 2258 idem
1237 2173 1518 2259 Abbas
1571 2171 2000 2258 Generalis
2050 2170 2628 2284 designaverit,
2692 2166 3318 2255 mittendorum.
3376 2167 3482 2250 ΙΙ.
3543 2165 3766 2251 Con-

372 2291 841 2379 stitutiones
890 2353 915 2397 ,
980 2295 1043 2375 si
1114 2325 1326 2410 quae
1390 2293 1700 2377 fuerint
1767 2326 1814 2377 a
1882 2291 2544 2404 Congregatione
2605 2292 2984 2375 sancitae.
3058 2288 3204 2372 111.
3277 2288 3766 2373 Recitantur

371 2411 707 2495 nomina
761 2409 1362 2501 Monachorum
1413 2415 1790 2499 omnium
1844 2413 1949 2496 ab
2003 2415 2291 2499 ultima
2344 2412 3006 2522 congregatione
3055 2407 3671 2496 Defunctorum
3729 2469 3754 2513 ,

369 2550 464 2612 ut
514 2559 664 2641 pro
739 2531 836 2615 iis
898 2533 1286 2619 omnibus
1349 2565 1510 2618 una
1596 2531 1838 2615 Missa
1905 2534 2293 2647 solemnis
2352 2532 2845 2618 celebretur.
2926 2528 3072 2614 IV.
3146 2530 3761 2615 Recenseantur

371 2650 1001 2751 etiam5nomina
1065 2655 1608 2760 insigniorum
1662 2649 2292 2738 Benefactorum
2332 2717 2361 2756 ,
2428 2650 2845 2769 simulque
2891 2677 3183 2734 omnes
3232 2671 3753 2751 moneantur,

366 2790 466 2851 ut
521 2799 675 2881 pro
726 2773 873 2875 iis,
944 2771 1428 2858 Sacerdotes
1469 2768 1814 2887 quidem
1872 2804 2126 2857 unam
2175 2772 2512 2859 Missam
2585 2769 3010 2856 celebrent
3045 2832 3076 2872 ,
3140 2772 3323 2857 laici
3389 2798 3588 2855 vero
3639 2768 3764 2849 di·

370 2910 563 2971 cant
609 2891 1209 3007 quinquaginta
1268 2893 1850 2974 Pater'noster
1883 2956 1912 2994 ,
1976 2891 2163 2977 Ave
2238 2882 2572 2977 Maria.
2643 2890 2937 2978 Abbas
3001 2887 3432 2975 Generalis
3511 2885 3757 2972 saciat

368 3005 973 3094 absolutionem
1038 3009 1531 3097 Generalem
1580 3075 1613 3113 ,
1677 3032 1761 3096 et
1819 3014 1936 3099 sic
1987 3010 2735 3124 Congregationem
2826 3006 3214 3095 dimittat.
3278 3008 3526 3091 xm.
3610 3006 3758 3091 Di-

367 3127 609 3211 missa
662 3126 1319 3239 Congregatione
1389 3129 1778 3215 Generali
1819 3154 1857 3234 ',
1915 3164 2073 3216 una
2141 3165 2332 3219 cum
2403 3132 2915 3241 Hegumenis
2978 3125 3227 3215 faciat
3285 3129 3761 3238 Congrege-

365 3245 677 3332 tiouem
757 3248 1493 3359 Hegumenorum:
1550 3272 1634 3337 et
1681 3254 1949 3365 primo
2000 3251 2339 3367 quidem
2395 3253 2804 3360 eligantur
2856 3249 3228 3337 Abbates
3281 3250 3756 3347 Provincia·

365 3397 550 3450 rum
584 3429 607 3472 ,
660 3391 743 3454 et
790 3368 1541 3476 Monasteriorum3
1606 3372 2118 3486 singulisque
2172 3372 2553 3459 Pateutes
2609 3373 2889 3457 literae
2958 3369 3438 3473 tradantur,
3497 3390 3591 3453 ut
3643 3368 3749 3453 ad

367 3482 671 3572 Officia
737 3519 883 3573 sua
953 3486 1275 3575 adeant.
1364 3488 1599 3575 XIV.
1691 3491 1985 3574 Forma
2051 3492 2472 3577 literarum
2554 3490 3233 3601 Congregationis
3300 3487 3757 3573 Monacho-

367 3637 552 3690 rum
584 3669 608 3713 ,
649 3640 839 3693 cum
887 3612 1235 3694 mittunt
1286 3606 1390 3694 ad
1442 3607 2188 3720 congregationem
2247 3645 2405 3696 una
2462 3643 2650 3696 cum
2714 3613 3039 3695 Abbate
3094 3611 3567 3695 Monasterii
3605 3639 3752 3691 seu

366 3725 853 3814 Provinciae
929 3733 1265 3816 Socium
1345 3728 1451 3814 ab
1531 3732 1721 3843 ipsis
1785 3732 2138 3816 electum
2179 3791 2198 3812 .
2269 3726 2958 3829 Reverendissimi
3029 3733 3305 3817 Patres
3354 3793 3381 3835 ,
3454 3753 3753 3814 notum

362 3844 709 3933 facimus
755 3850 993 3938 vobis
1044 3848 1788 3960 Congregationem
1857 3875 2214 3937 nostram
2298 3850 2664 3936 habitam
2733 3853 2816 3936 iu
2875 3849 3374 3937 Mouasterio
3423 3848 3528 3933 N.
3613 3847 3750 3935 die

361 3964 468 4047 N.
543 3998 824 4054 mense
878 3970 985 4053 N.
1039 4002 1257 4054 anno
1310 3968 1412 4052 N.
1468 3975 1889 4055 communi
1944 3974 2287 4056 consilio
2357 3973 2694 4083 elegisse
2767 3968 3347 4057 Reverendum
3419 3971 3746 4055 Patrem

365 4082 471 4171 N.
537 4108 634 4171 ut
686 4090 1022 4172 nomine
1077 4093 1331 4173 totius
1384 4090 1860 4175 Monasterii
1896 4153 1918 4197 ‚
1969 4092 2106 4179 vel
2167 4091 2703 4196 Provinciae,
2776 4123 2937 4176 una
2990 4123 3182 4177 cum
3244 4115 3519 4183 nostro
3575 4090 3744 4171 Ab·

357 4202 554 4323 bate
607 4202 715 4290 ad
766 4206 1509 4317 Congregationem
1574 4209 2066 4296 Generalem
2119 4209 2478 4301 accedat.
2549 4211 2959 4317 Quocirca
3017 4210 3412 4296 tradimus
3463 4212 3535 4292 ei
3602 4239 3745 4322 po-

365 4345 738 4412 testatem
815 4323 1110 4438 agendi
1161 4358 1311 4440 pro
1392 4327 1628 4411 uobis
1680 4332 1761 4411 in
1831 4328 2491 4441 congregatione
2566 4331 2957 4416 Generali
3038 4329 3360 4434 omnia,
3434 4352 3517 4413 et
3578 4332 3742 4413 siu·

361 4447 607 4555 gula,
676 4477 890 4563 quae
942 4444 1210 4532 facere
1258 4477 1732 4560 possemuS,
1787 4451 1851 4532 si
1905 4475 2369 4562 praesentes
2424 4483 2787 4539 essemus
2838 4486 2855 4531 τ
2931 4476 3193 4537 ratum
3252 4475 3744 4567 gratumque

362 4564 728 4652 habituri
792 4565 1238 4686 quidquid.
1290 4571 1372 4651 in
1442 4564 1730 4653 eadem
1810 4565 2469 4680 Congregationc
2549 4569 2860 4656 sactum
2925 4570 3197 4658 fuerit.
3266 4572 3580 4655 Datum
3653 4574 3738 4653 in

354 4687 864 4774 Monasterio
942 4688 1047 4772 N.
1131 4718 1349 4773 anno
1398 4687 1501 4771 N.
1556 4719 1836 4774 mense
1887 4688 1993 4772 N.
2062 4686 2197 4775 die
2250 4690 2351 4773 N.
2426 4693 2800 4803 Sigillum
2857 4689 2963 4792 ἐξ(
3024 4693 3542 4777 Monasterii.
3629 4690 3746 4774 Et

361 4807 890 4895 subscribent
939 4839 1225 4894 omnes
1276 4812 1497 4919 juxta
1555 4805 1961 4894 Ordinem
2017 4839 2288 4893 suum.
2329 4811 2519 4895 XV.
2561 4811 2859 4899 Forma
2916 4816 3335 4899 literarum
3383 4812 3738 4917 Abbatis

361 4924 850 5013 Provinciae
886 4991 909 5035 ,
972 4927 1110 5015 vel
1175 4926 1651 5013 Monasterii
1692 4992 1718 5031 ,
1772 4960 1962 5027 cum
2018 4932 2273 5014 mittit
2337 4932 2758 5017 Vicarium
2814 4994 2837 5038 ,
2908 4935 3042 5019 vel
3114 4933 3739 5017 Procuratorem

358 5043 463 5129 ad
534 5044 1278 5159 Con'gre'gationem
1356 5047 1875 5134 Generalem.
1954 5050 2643 5137 Reverendissimi
2732 5052 3070 5157 Patres,
3156 5076 3444 5138 notum
3528 5048 3742 5136 facio

355 5166 652 5273 vobis,
710 5199 841 5253 me
891 5168 1001 5252 ob
1055 5198 1382 5252 causam
1447 5167 1549 5251 N.
1617 5166 2155 5281 impeditum,
2219 5172 2559 5283 elegisse
2607 5171 3191 5261 Reverendum
3250 5174 3575 5256 Patrem
3628 5169 3737 5254 N.

363 5311 456 5371 nt
522 5311 918 5404 tanquam
968 5319 1205 5374 meus
1253 5287 1687 5395 Vicarius,
1740 5310 1826 5374 et
1874 5289 2371 5378 Procurator
2419 5289 2525 5377 ad
2579 5290 3329 5405 Congregationem
3378 5292 3743 5380 Genera-

359 5406 520 5492 lem
588 5406 978 5496 accedat:
1031 5409 1297 5525 ‘eique
1344 5409 1704 5519 sigillum
1756 5471 1781 5513 ,
1861 5431 1948 5494 et
2020 5411 2400 5502 rationes.
2441 5408 2728 5499 Officii
2794 5418 2960 5501 mei
3030 5411 3512 5519 tradidisse,
3583 5443 3739 5497 nec

362 5558 523 5612 uon
592 5526 1066 5617 facultatem
1124 5530 1210 5613 in
1265 5527 1924 5640 Congregatione
1987 5527 2372 5619 Generali
2426 5534 2700 5619 omnia
2754 5597 2778 5641 ,
2846 5556 2929 5621 et
2990 5534 3306 5647 singula
3376 5529 3738 5645 agendi,

359 5677 572 5762 quae
621 5680 775 5765 ego
824 5647 1089 5740 facere
1137 5680 1459 5765 possem
1490 5712 1515 5757 ,
1569 5651 1636 5737 si
1699 5680 2080 5766 praesens
2131 5682 2452 5767 essem3
2508 5676 2773 5747 ratum
2843 5680 3336 5777 gratumque
3406 5654 3737 5741 habitu·
