4834 6409
1071 434 1243 527 228

669 547 804 619 *ἴδ’
838 550 994 642 ⁸1²·-
1067 546 1480 644 Fratrum?
1517 548 1955 644 Minoi-um
2010 552 2596 657 &francisci
2649 557 3322 680 capuccinorum
3395 556 4065 672 nn’nenpatornni
4128 552 4437 669 proles-

679 663 1252 797 ⁰²¹¹f²⁰⁸⁸⁸⁸·sor,
1316 708 1412 764 ac
1460 674 1955 768 dile,torum
2006 676 2368 765 filiorum
2420 680 3130 771 Missionariorum
3178 677 3614 765 Gallorum
3644 737 3674 783 ,
3724 698 3810 762 et
3844 670 4434 789 Hybernorum

1062 792 1443 911 ejusdem
1492 798 1837 885 Ordinis
1884 801 1983 883 in·
2024 800 2395 915 partibus
2447 801 3076 890 Haereticorum
3112 861 3136 905 ,
3217 820 3304 884 et
3367 796 3850 887 Infidelium
3909 796 4435 885 existentium

1063 918 1149 1005 in
1204 916 1573 1006 Romana
1624 916 1875 1004 Curia
1932 919 2419 1006 Procurator
2456 921 2720 1013 Nobis
2768 954 3038 1037 nuper
3087 923 3380 1036 exponi
3428 917 3630 1005 fecit
3676 915 3874 1003 alias
3922 913 4098 1003 Nos
4163 919 4434 1003 omni—

1060 1035 1241 1123 bns
1286 1042 1715 1156 utriusque
1760 1070 1998 1124 sexus
2048 1038 2752 1128 christifidelibus
2829 1073 3020 1131 vere
3095 1039 3716 1155 poenitentibus
3752 1098 3778 1143 ,
3842 1052 3932 1123 et·
3983 1034 4437 1143 confessis,

1059 1186 1157 1242 ac
1198 1188 1428 1245 sacra
1478 1160 2095 1247 communione
2146 1157 2520 1265 refectis,
2552 1166 2700 1280 qui
2774 1165 3132 1280 aliquam
3204 1189 3304 1247 ex
3347 1158 3797 1263 Ecclesiis,
3832 1188 3975 1243 seu
4041 1155 4440 1253 Qratoriis

1060 1274 1485 1363 dictorum
1538 1278 1928 1366 Fratrum
1976 1281 2711 1388 Missionariornm,
2775 1279 3278 1370 Mulieribus
3327 1308 3528 1364 vero
3563 1341 3591 1385 ,
3656 1277 3965 1396 quibus
4025 1273 4131 1365 ad
4161 1279 4364 1366 *illas
4399 1338 4428 1379 ‚

1057 1424 1203 1482 sen
1254 1397 1393 1484 illa
1429 1397 1641 1486 liber
1684 1429 1853 1486 non
1919 1422 2238 1515 pateret
2299 1431 2728 1510 accessus,
2793 1395 2942 1490 seu
3008 1405 3419 1511 ingressus
3454 1460 3481 1503 ,
3547 1429 3761 1519 quae
3822 1398 4094 1494 aliam,
4133 1398 4435 1488 Eccle-

1058 1519 1295 1619 siam,
1356 1548 1505 1603 seu
1555 1516 2033 1606 Oratorium
2087 1518 2712 1608 catholicorum
2763 1518 3242 1611 earumdem
3289 1521 3654 1633 partium
3697 1549 3746 1605 a
3797 1513 4227 1622 Custode,
4284 1518 4427 1608 vel

1056 1634 1487 1724 Praefecto
1531 1637 2023 1726 Missionum
2086 1641 2567 1758 hujusmodi
2615 1641 3219 1754 designandum
3267 1641 3351 1725 in
3415 1636 3644 1726 festis
3689 1634 3988 1724 diebus
4049 1639 4210 1723 sub
4258 1670 4438 1731 cer·

1053 1757 1161 1842 tis
1206 1754 1457 1842 modo
1491 1821 1515 1863 ,
1578 1783 1664 1846 et
1709 1756 1972 1848 forma
2032 1783 2237 1848 tunc
2286 1765 2678 1878 expressis
2713 1767 3212 1865 visitassent,
3276 1780 3363 1845 et
3407 1758 3524 1844 ibi
3575 1789 3728 1876 pro
3757 1755 4427 1847 Christianorum

1052 1872 1539 1991 Principum
1588 1874 2030 1968 concordia
2066 1944 2093 1990 ,
2155 1880 2589 1969 haeresum
2649 1884 3242 1996 extimatione,
3307 1909 3404 1963 ac
3482 1880 3565 1964 S.
3630 1876 3926 1964 Matris
4002 1876 4426 1969 Ecclesiae

1054 1996 1545 2086 exaltatione
1611 2002 1781 2113 pias
1847 1998 1954 2087 ad
1998 2003 2281 2089 Deum
2344 2034 2627 2118 preces
2676 1998 3163 2090 effudissent
3196 2062 3221 2105 ,
3273 2029 3446 2116 qno
3493 1995 3636 2085 die
3679 2027 3777 2084 ex
3842 1994 4424 2111 praedictis.id

1053 2118 1461 2226 egissent,
1524 2118 1972 2236 plenariam
2026 2125 2405 2209 omnium
2451 2148 2985 2239 peccatorum
3027 2148 3372 2207 suorum
3426 2114 4040 2228 Indulgentiam
4079 2179 4103 2223 ,
4171 2143 4254 2219 et
4303 2149 4424 2206 re·
4473 2213 4486 2220 ,

1052 2237 1530 2325 missionem
1604 2239 2242 2330 misericorditer
2314 2245 2403 2328 in
2453 2244 2824 2332 Domino
2904 2264 3306 2357 perpetuo
3354 2239 3973 2342 concessimus,
4035 2262 4285 2351 prout
4333 2242 4417 2327 in

1053 2358 1349 2442 nostris
1396 2354 1752 2472 desuper
1799 2363 1886 2468 in
1947 2362 2195 2447 simili
2245 2360 2506 2449 forma
2574 2364 2856 2449 Brevis
2905 2361 3039 2447 die
3095 2391 3231 2444 20.
3293 2358 3498 2442 Maii
3558 2355 3807 2473 1735.
3876 2354 4419 2449 pontificatus

1049 2477 1312 2562 nostri
1359 2508 1583 2564 anno
1610 2478 1719 2563 V.
1771 2480 2169 2597 expeditis
2216 2483 2475 2575 literis
2525 2483 2851 2598 plenius
2901 2481 3401 2569 continetur.

668 2666 681 2679 .
735 2654 860 2721 Pro
894 2655 1026 2721 ani·
1167 2592 1235 2696 S.
1305 2629 1403 2697 a„
1452 2596 1677 2684 Cum
1744 2622 2022 2689 autem
2052 2665 2079 2709 ,
2130 2605 2345 2689 sieut
2414 2602 2705 2691 eadem
2754 2603 3149 2718 expositio
3210 2598 3772 2715 subjungebat
3821 2594 4423 2687 christifideles

660 2716 1230 2816 fflffiugnffiillas
1290 2715 1858 2832 Indulgentiae·
1920 2720 2610 2811 Christifidelium
2685 2720 3312 2809 defunctorum.
3358 2719 3794 2806 animabus
3863 2748 4009 2832 per
4069 2716 4413 2805 modum

662 2834 918 2905 functo·
982 2933 998 2950 ‚
1051 2834 1422 2950 suffragii
1473 2840 1865 2957 applicari
1918 2874 2153 2958 posse
2212 2843 2670 2958 plurimum
2731 2839 3263 2944 desiderent,
3327 2838 3501 2924 Nos
3570 2835 4055 2951 hujusmodi
4116 2838 4426 2953 suppli·

659 2946 805 3084 ἓξ
829 2933 1551 3091 'gglghcationihus
1584 2961 1958 3047 inclinati
1997 3028 2026 3067 ‚
2090 2962 2480 3048 omnibus
2515 3025 2541 3069 ‚
2620 2984 2704 3048 et
2751 2964 3108 3072 singulis
3155 2954 3859 3045 Christifidelibus
3919 2954 4361 3073 praedictis
4392 3014 4421 3066 ,

660 3109 847 3180 cedit.
1048 3084 1146 3163 'ut
1211 3075 1783 3191 Indulgentias
1833 3081 2241 3195 plenarias
2287 3079 2581 3168 iisdem
2633 3080 2979 3189 diebus,
3029 3110 3236 3199 quas
3286 3074 3395 3179 de
3444 3092 3718 3165 cetero
3768 3081 4188 3165 consecuti
4246 3076 4426 3166 fue·
4562 3172 4570 3179 ,

1046 3200 1266 3305 rint,
1332 3196 2027 3288 Christifidelium
2111 3197 2706 3289 defunctorum
2773 3203 3263 3305 animabus,
3322 3230 3539 3316 quae
3583 3196 3792 3284 Deo,
3850 3199 3974 3282 in.
4025 3194 4423 3307 charitate

1044 3321 1553 3427 conjunctae
1600 3319 1707 3405 ab
1760 3319 1912 3408 hac
1961 3320 2150 3408 luce
2188 3323 2722 3435 migraverint
2767 3354 2912 3437 per
2959 3319 3306 3409 modum
3351 3314 3721 3429 suffragii
3771 3319 4184 3433 applicare
4232 3349 4419 3434 pos·

898 3486 903 3491 -
1040 3438 1259 3546 sint,
1325 3462 1408 3526 et
1454 3438 1840 3545 valeant,
1873 3442 2359 3530 auctoritate
2405 3444 2882 3559 Apostolica
2931 3466 3221 3535 tenore
3254 3440 3813 3555 praesentium
3865 3435 4182 3525 ibidem
4232 3469 4416 3554 per·

1040 3581 1296 3671 petuo
1358 3557 1942 3668 concedimus,
2010 3586 2096 3650 et
2153 3559 2684 3676 indulgemus
2733 3567 2820 3649 in
2884 3562 3396 3650 contrarium
3441 3554 3734 3646 facien.
3790 3587 3972 3644 non-
4025 3557 4420 3648 obstanti·

1039 3674 1202 3763 bus
1251 3679 1962 3799 quibuscumque.
2951 3783 2956 3789 ¹
3883 3752 3894 3767 ,
4252 3789 4260 3796 ·

679 3800 1019 3871 Tun-um·
1155 3798 1198 3899 S
1301 3800 1382 3885 3.
1449 3799 1860 3888 Volumus
1923 3824 2199 3889 autem
2251 3800 2479 3920 quod
2540 3798 3015 3889 earumdem
3078 3801 3635 3918 praesentium
3689 3799 4115 3884 literarum
4187 3818 4415 3899 tran·

651 3906 784 4072 ξω
842 3896 1015 3965 ‘³¹0⁶'
1040 3921 1389 4035 sumptis
1435 3981 1461 4026 ,
1525 3950 1669 4007 seu
1733 3922 2124 4036 exemplis
2200 3925 2450 4010 etiam
2509 3924 2918 4039 impressis
2983 3952 3239 4010 manu
3301 3921 3655 4034 alicujus
3715 3918 4032 4006 Notarii
4091 3914 4416 4033 publici

840 4036 899 4114 '.
1040 4037 1519 4157 subscriptis
1570 4102 1596 4147 ,
1677 4064 1762 4127 et
1842 4042 2111 4156 sigillo
2177 4071 2575 4156 personae
2651 4045 2738 4127 in
2783 4041 3376 4132 Ecclesiastica
3445 4037 3845 4157 dignitate
3912 4040 4410 4127 constitutae

1041 4158 1728 4248 munitis'eadem
1786 4192 2114 4278 prorsus
2161 4159 2372 4250 fides
2443 4160 2994 4272 adhibeatur,
3058 4193 3269 4284 quae
3330 4157 3864 4247 adhiberetur
3918 4160 4109 4274 ipsis
4171 4182 4401 4275 prae-

1039 4279 1456 4387 sentibus,
1492 4284 1587 4367 »si
1633 4276 1906 4369 forent
1954 4282 2365 4370 exhibitae
2400 4344 2427 4389 ,
2488 4281 2630 4371 vel
2676 4308 3070 4372 ostensae.

1152 4396 1471 4487 Datum
1523 4398 1832 4489 Romae
1896 4400 2119 4519 apud
2171 4402 2255 4490 S.
2304 4402 2653 4490 Mariam
2703 4406 3113 4515 Maiorem
3162 4401 3319 4489 sub
3375 4398 3722 4501 Annulo
3772 4397 4208 4488 Piscatoris
4259 4397 4397 4490 die

1034 4545 1120 4633 9.
1184 4517 1495 4635 Aprilis
1550 4522 1799 4640 1737.
1841 4522 2083 4611 Pont.
2138 4525 2394 4611 nostri
2458 4553 2680 4617 anno
2713 4524 2909 4611 VII.
2991 4598 3000 4605 .
3052 4580 3059 4587 ·

3193 4765 3304 4853 F.
3348 4758 3594 4848 Card.
3673 4758 4120 4850 Oliverius.
