4834 6409
698 2853 1004 2927 Invalida·

642 2955 835 3063 tionis
894 2945 1000 3014 fir·

647 3061 858 3112 milas.

657 4955 867 5037 Hujus
913 4948 1017 5014 tle·

1012 465 1178 531 110
1914 489 1921 494 ·
2749 470 2753 474 '
3155 489 3168 504 ·
3649 493 3655 498 ·
3713 493 3720 496 -
4190 505 4204 518 .

1005 556 1506 649 nerabilium
1551 555 1901 649 fratrum
1936 559 2422 662 nostrorum
2472 558 2553 649 S.
2607 557 2704 648 R.
2754 560 2859 651 E.
2915 555 3486 651 cardinalium
3522 618 3549 667 ,
3612 557 3758 677 qui
3806 559 4389 674 jussumostrm

1000 679 1415 798 Epistolas
1463 683 1676 798 ipsas
1726 680 2016 771 sedulo
2052 745 2080 789 ,
2141 715 2237 769 ac
2286 681 2728 798 diligenter
2809 685 3381 772 examinarunt
3413 744 3439 788 ,
3505 679 3850 768 consilio
3881 742 3912 784 ,
3974 708 4070 764 ac
4117 676 4392 763 etiam-

1003 827 1242 890 motu
1286 809 1621 921 proprio
1655 870 1684 912 ‚
1746 827 1829 892 et
1877 835 1973 890 ex
2020 829 2240 891 certa
2288 809 2666 911 scientia,
2719 829 2805 893 et
2850 826 3170 891 matura
3221 801 3819 890 deliberatione
3868 799 4165 884 nostris
4225 788 4392 879 de··

1007 961 1173 1053 que
1224 927 1743 1041 Apostolicae
1795 927 2212 1040 potestatis
2257 924 2777 1040 plenitudine
2811 989 2837 1032 ,
2888 926 3126 1032 binas
3175 923 3606 1011 memorati
3658 920 3728 1006 F
3734 920 4076 1006 rancisci
4123 914 4370 1029 Epis-

1008 1047 1193 1165 copi
1244 1047 1638 1134 Pekinen.
1694 1046 2073 1161 epistolas
2155 1048 2602 1161 pastorales
2661 1043 3121 1160 praefatas,
3186 1073 3285 1131 ae
3331 1074 3689 1158 poenas,
3752 1063 3837 1127 et
3871 1037 4052 1125 ··alia
4115 1064 4369 1153 quae·

1009 1163 1373 1287 cumque
1420 1168 1503 1252 in
1558 1169 1673 1253 eis
1725 1188 2108 1253 contenta
2162 1195 2353 1252 cum
2406 1166 2796 1253 omnibus
2832 1229 2859 1274 ,
2910 1191 2994 1253 et
3039 1164 3380 1275 singulis
3433 1160 3633 1250 inde
3677 1161 4029 1264 secutis,
4082 1179 4168 1242 et
4214 1151 4392 1240 sor-.

1007 1320 1154 1377 san
1204 1283 1911 1407 quandocumque
1973 1290 2436 1396 secuturis,
2499 1290 2885 1402 poenitus
2922 1350 2947 1394 ,
3011 1309 3095 1372 et
3155 1288 3495 1370 omnino
3575 1280 3802 1368 nulla
3839 1341 3865 1388 ,
3931 1273 4298 1364 invalida
4347 1338 4372 1382 ,

1012 1432 1095 1497 et
1143 1411 1423 1516 irrita,
1512 1407 1989 1524 nulliusque
2059 1437 2391 1521 prorsus
2468 1408 2785 1495 roboris
2821 1469 2844 1514 ,
2910 1428 2994 1494 et
3052 1401 3674 1493 momenti‘esse
3724 1464 3748 1508 ,
3840 1422 3922 1488 et
3969 1420 4376 1515 perpetuo

1010 1526 1187 1615 fore
1240 1553 1524 1616 tenore
1572 1530 2127 1644 praesentium
2182 1524 2749 1646 declaramus3
2812 1529 2929 1614 Et
2979 1524 3521 1612 nihilominus
3573 1521 3678 1609 ad
3727 1524 4124 1634 majorem
4181 1547 4379 1602 cau·

1013 1649 1263 1735 telam
1296 1714 1321 1756 ,
1361 1671 1443 1736 et
1493 1670 1900 1766 quatenus
1951 1678 2158 1761 opus
2205 1650 2335 1754 sit,
2389 1648 2526 1734 illa
2581 1648 2890 1752 omnia,
2930 1668 3015 1734 et
3060 1637 3377 1756 singula
3427 1664 3662 1730 motu
3692 1705 3718 1749 ,
3770 1642 4106 1728 scientia
4145 1698 4171 1742 ,
4236 1633 4381 1723 de·

1013 1769 1554 1874 liberatione,
1617 1791 1698 1854 et
1747 1770 2166 1881 potestatis
2214 1766 2742 1884 plenitudine
2797 1765 3164 1885 paribus
3213 1763 3509 1864 harum
3592 1766 3800 1851 serie
3862 1756 4150 1846 itidem
4199 1788 4381 1872 per·

1014 1912 1268 2005 petuo
1319 1887 1799 1976 revocamus
1829 1950 1854 1994 ,
1921 1880 2327 1975 cassamus
2365 1952 2388 1996 ‚
2443 1892 2909 1997 irritamus,
2974 1886 3542 1991 annullamus,
3593 1905 3675 1974 et
3726 1878 4151 1969 abolemus
4187 1940 4212 1984 ,
4265 1882 4383 1962 vi·

1015 2011 1467 2131 ribusque,
1533 2032 1617 2094 et
1681 2003 1991 2095 effectu
2075 2011 2667 2125 poenitus,·et
2719 2013 3064 2095 omnino
3145 2037 3498 2114 vacuas,
3571 2038 3665 2093 ac
3724 2032 3876 2118 pro
3929 2003 4382 2110 revocatis,

1018 2132 1260 2218 cassis
1289 2193 1315 2238 ,
1368 2133 1614 2216 irritis
1648 2189 1679 2233 ,
1728 2129 1979 2214 nullis
2008 2191 2033 2235 ,
2088 2127 2514 2234 invalidis,
2564 2152 2647 2217 et
2696 2128 3021 2215 abolitis
3051 2190 3076 2234 ,
3123 2127 3610 2247 viribusque
3644 2189 3669 2233 ,
3723 2145 3808 2212 et
3840 2117 4143 2208 effectu
4173 2150 4389 2235 poe·

1020 2254 1244 2337 nitus
1279 2311 1304 2358 ,
1372 2273 1454 2339 et
1505 2251 1849 2335 omnino
1913 2252 2195 2336 vacuis
2244 2280 2568 2364 semper
2600 2302 2604 2308 ‚
2640 2247 2923 2336 haberi
3001 2248 3390 2336 volumus
3431 2282 3450 2331 ε
3515 2247 3778 2334 Nobis
3828 2244 4164 2354 insuper
4199 2304 4226 2349 ,
4304 2263 4387 2326 et

1020 2372 1547 2487 Apostolicae
1599 2367 1793 2455 sedi
1850 2393 2353 2458 reservantes
2422 2367 2897 2457 facultatem
2949 2365 3700 2456 Christi-'fidelibus
3751 2368 3837 2450 in
3877 2358 4184 2448 eodem
4238 2359 4392 2448 Re·

1023 2521 1190 2603 gno
1235 2488 1733 2602 degentibus
1788 2488 2221 2604 aperiendi·
2261 2514 2677 2595 nostram,
2749 2511 2834 2576 et
2892 2486 3164 2578 dictae
3239 2487 3474 2575 Sedis
3538 2511 3900 2576 mentem
3967 2502 4161 2597 post
4223 2513 4392 2569 ma-

1022 2635 1292 2699 turam
1360 2609 1647 2698 itidem
1738 2608 2103 2697 habitam
2175 2608 2862 2699 deliberationem
2939 2639 3189 2725 super
3254 2610 3557 2718 rebus,
3636 2636 3850 2727 quae
3912 2600 4393 2719 hujusmodi

1026 2736 1451 2820 materiam
1504 2733 1978 2846 respiciunt.

1144 2853 1214 2952 S.
1277 2854 1356 2938 3.
1420 2851 1989 2940 Decernentes
2039 2853 2063 2935 i
2126 2881 2249 2938 sas
2299 2876 2768 2968 praesentes
2827 2852 3103 2941 literas
3150 2880 3478 2972 semper
3527 2847 3802 2935 firmas
3832 2913 3856 2958 ,
3907 2845 4220 2936 validas
4249 2907 4275 2954 ,
4313 2870 4424 2933 et-

1030 2967 1405 3059 efficaces
1457 2975 1797 3058 existere
1830 3037 1857 3078 ‚
1923 2994 2008 3056 et
2088 3002 2229 3058 ore
2263 3034 2288 3078 ,
2341 3003 2697 3091 suosque
2746 2972 3210 3090 plenarios,
3262 2995 3348 3059 et
3416 2973 3778 3083 integros
3827 2967 4176 3057 effectus
4227 3001 4397 3054 sor-

1024 3093 1218 3197 tiri,
1271 3115 1356 3178 et
1405 3090 1781 3178 obtinere
1814 3151 1840 3198 ,
1896 3114 1978 3178 et
2028 3089 2135 3176 ab
2215 3092 2658 3199 omnibus,
2723 3117 2808 3179 et
2868 3091 3210 3204 singulis
3241 3152 3266 3198 ,
3327 3088 3436 3178 ad
3499 3120 3705 3211 quos
3757 3087 4392 3208 quomodolibet

1028 3232 1342 3325 spectat
1371 3273 1404 3318 ,
1455 3232 1540 3297 et
1585 3239 1738 3326 pro
1786 3232 2155 3326 tempore
2269 3209 2913 3332 uandocumque
2962 3214 3402 3330 spectabit,
3457 3214 3933 3328 praesertim
3986 3240 4184 3300 vcro
4233 3211 4395 3295 Ar-

1031 3328 1568 3447 chiepiscopis
1602 3393 1627 3437 ,
1677 3332 2114 3446 Episcopis
2139 3395 2170 3436 ‚
2205 3244 2614 3441 Qicariis,
2668 3332 3383 3441 Provincialibus,
3434 3355 3519 3420 et
3566 3330 4101 3417 Missionariis
4153 3329 4393 3445 Apo-

1030 3450 1338 3539 stolicis
1387 3473 1555 3538 tam
1609 3452 2186 3539 Saecularibus
2222 3515 2247 3559 ,
2301 3484 2549 3569 quam
2607 3457 2973 3569 cujusvis
3022 3450 3369 3538 Ordinis
3403 3515 3430 3560 ,
3481 3450 4163 3564 Congregationis
4198 3514 4223 3558 ,
4262 3450 4403 3536 In-

1030 3574 1348 3681 stituti,
1414 3596 1497 3660 et
1549 3573 1973 3661 Societatis
2021 3576 2269 3660 etiam
2316 3572 2518 3660 J'esu
2555 3573 3237 3685 Regularibus.in
3288 3562 3759 3687 supradicto
3791 3570 4404 3659 *Sinarum-Re·

1030 3720 1196 3803 gno
1246 3724 1473 3780 nunc
1502 3755 1526 3800 ,
1566 3715 1651 3781 et
1697 3723 1848 3810 pro
1899 3715 2266 3810 tempore
2317 3696 2858 3781 existentibus
2904 3695 3548 3797 inviolabiliter,
3582 3715 3667 3780 et
3714 3696 4203 3781 inconcusse
4253 3692 4400 3778 ob·

1033 3814 1392 3919 servari,
1429 3801 1713 3932 sicque
1763 3836 1845 3900 et
1895 3845 2063 3899 non
2115 3814 2351 3900 aliter
2399 3816 2483 3900 in
2537 3817 2995 3931 praemissis
3047 3846 3194 3929 per
3241 3843 3819 3933 quoscumque
3866 3812 3916 3897 J
3927 3811 4209 3901 udices
4239 3812 4397 3899 Or-

1037 3929 1396 4018 dinarios
1431 3997 1460 4037 ,
1496 3958 1578 4020 et
1625 3931 2065 4045 Delegatos
2116 3936 2359 4020 etiam
2415 3966 2846 4020 causarum
2898 3931 3189 4022 Palatii
3238 3933 3696 4050 Apostolici
3731 3931 4257 4038 Auditorum
4307 3965 4403 4021 ac

1036 4050 1411 4166 ejusdem
1465 4055 1545 4139 S.
1579 4053 1683 4139 R.
1706 4054 1810 4139 E.
1850 4051 2335 4140 Cardinales
2378 4056 2633 4140 etiam
2683 4053 2789 4141 de
2841 4055 3091 4143 latere
3137 4054 3490 4168 Legatos
3524 4115 3549 4163 ,
3587 4049 3672 4142 et
3721 4051 3956 4142 Sedis
3990 4052 4400 4169 praefatae

1034 4173 1408 4259 Nuncios
1439 4237 1470 4279 ,
1509 4173 1813 4262 aliosve
1862 4173 2281 4292 quoslibet
2327 4205 2861 4293 quacumque
2907 4178 3582 4291 praeeminentia,
3633 4200 3717 4264 et
3763 4196 4163 4291 potestate
4212 4174 4405 4261 fun·

1037 4316 1319 4405 gentes
1353 4355 1379 4399 ‚
1444 4318 1529 4381 et
1573 4291 2005 4380 functuros
2034 4357 2060 4400 ,
2124 4293 2446 4381 sublata
2486 4296 2614 4380 ‘eis
2657 4347 2689 4401 ·,
2754 4319 2838 4383 et
2877 4325 3175 4384 *eorum
3224 4296 3571 4384 cuilibet
3630 4296 3922 4414 quavis
3985 4297 4220 4383 aliter
4268 4301 4401 4412 ju-

1038 4412 1432 4521 dicandi,
1497 4437 1580 4502 et
1626 4412 2225 4530 interpretandi
2274 4410 2666 4502 facultate
2698 4476 2742 4523 ,-
2790 4441 2874 4503 et
2933 4420 3419 4505 auctoritate
3453 4479 3480 4523 ,
3564 4416 3973 4531 judicari,
4055 4439 4146 4504 et
4194 4414 4397 4504 defi·

1042 4538 1200 4620 niri
1253 4531 1609 4642 debere,
1664 4567 1758 4622 ac
1808 4536 2129 4620 irritum
2159 4585 2194 4640 =,
2250 4556 2332 4620 et
2380 4536 2628 4624 inane
2674 4539 2742 4622 si
2790 4567 3028 4622 secus
3071 4567 3318 4652 super
3366 4535 3495 4622 his
3544 4569 3588 4622 a
3640 4567 4062 4655 quoquam
4115 4540 4402 4654 quavis

1038 4656 1520 4742 auctoritate
1568 4657 1921 4743 scienter
1955 4716 1982 4759 ,
2046 4655 2182 4741 vel
2234 4656 2708 4766 ignoranter
2756 4659 3196 4769 contigerit-
3256 4658 3662 4744 attentari.
3732 4655 3829 4740 ln
3893 4661 4400 4746 contrarium

1038 4774 1332 4860 facien.
1414 4805 1577 4859 non
1634 4774 2154 4861 obstantibus
2205 4776 2906 4894 quibuscumque.

1160 4898 1227 4995 S.
1282 4900 1361 5002 4.
1428 4894 1836 4979 Volumus
1892 4917 2167 4982 autem
2203 4957 2233 4999 ,
2312 4918 2408 4981 ut
2490 4894 2972 4984 earumdem
3030 4896 3589 5012 praesentium
3666 4895 4092 4984 literarum
4179 4920 4402 4986 tran·

655 5042 1015 5111 clai-ationis
1041 5018 1440 5128 sumptis,
1508 5044 1653 5100 seu
1706 5018 2094 5128 exemplis
2159 5018 2408 5103 etiam
2489 5018 2901 5131 impressis
2979 5046 3233 5105 manu
3295 5017 3646 5132 alicujus
3712 5017 4030 5106 Notarii
4078 5018 4398 5137 publici

655 5152 977 5202 mnsam-⁴
1043 5136 1521 5249 subscriptis
1558 5197 1581 5241 ,
1622 5158 1732 5221 .et
1824 5136 2091 5247 sigillo
2166 5168 2568 5252 personae
2614 5138 2703 5223 in
2776 5136 3384 5226 Ecclesiastica·
3435 5136 3832 5251 dignitate
3909 5144 4402 5228 constitutae

657 5230 741 5293 tis
788 5224 991 5291 danda

668 5319 845 5385 fide&

1045 5259 1382 5342 munitis
1420 5321 1443 5363 ,
1531 5251 1821 5343 eadem
1896 5286 2227 5371 prorsus
2261 5329 2268 5340 .
2302 5254 2511 5344 fides
2562 5259 2645 5343 in
2738 5256 3017 5346 udicio
3053 5321 3078 5367 ,
3162 5282 3245 5346 et
3294 5283 3514 5346 extra
3564 5255 4055 5347 adhibeat-ur
4087 5323 4113 5367 ,
4186 5291 4399 5377 quae

1046 5377 1611 5491 praesentibus
1662 5377 1855 5492 ipsis
1903 5373 2444 5464 adhiberetur
2476 5439 2507 5483 ‚
2545 5379 2644 5464 si·
2673 5291 2944 5467 liorem
2992 5377 3458 5486 exhibitae,
3511 5380 3646 5465 vel
3700 5401 4091 5467 ostensae.

1166 5496 1476 5582 Datum
1530 5496 1840 5583 Romae
1886 5495 2107 5610 apud
2162 5498 2241 5582 S.
2293 5497 2643 5587 Mariam
2702 5499 3107 5617 Majorem
3158 5500 3316 5589 sub
3381 5500 3725 5588 Annulo
3753 5500 4207 5590 Piscatoris
4259 5498 4398 5589 die

1051 5622 1187 5704 26.
1245 5618 1748 5731 Septembris
1805 5617 2053 5734 1735.
2094 5617 2333 5710 Pont.
2387 5621 2642 5710 nostri
2696 5652 2915 5708 anno
2963 5621 3111 5708 VI.
