4834 6409
1011 509 1602 634 dispensandi,
1671 534 1756 599 et
1801 541 1939 600 eos
1975 511 2123 630 qui
2184 512 2271 597 in
2322 509 2716 626 gradibus
2761 515 3206 632 prohibitis
3254 499 3768 635 hujusmodi·
3804 529 4051 633 etiam
4111 529 4392 636 scien-

1005 665 1134 727 ter
1184 638 1739 726 contraxerint
1773 696 1797 738 ‚
1858 632 1973 720 ab
2006 633 2470 722 excessibus
2497 699 2527 743 ,
2584 661 2679 724 et·
2714 642 3588 730 excommunicationis
3616 707 3640 749 ‚
3705 647 4048 765 aliisque
4089 680 4376 758 censu-

1006 766 1117 848 r‘is
1153 824 1176 868 ,
1242 782 1328 845 et
1370 759 1658 873 poenis
1717 754 2315 841 Ecclesiesxticis
2377 759 2464 841 in
2517 780 2873 878 utroque
2940 757 3122 850 foro
3170 767 3414 873 gratis
3477 755 3780 878 pariter
3830 752 4374 879 absolvendi·,'

1006 906 1090 967 et
1139 869 1455 995 prolem
1503 874 1704 963 inde
1751 898 2235 992 susceptam
2271 876 2722 990 legitimam
2783 877 3313 972 decernendi.
3378 883 3728 972 Necnon
3782 890 3975 1003 ipsis
4026 888 4379 1005 Presby-

1004 1005 1201 1089 teris
1252 1003 1337 1085 in
1389 996 1701 1085 eisdem
1754 994 2064 1103 Indus,
2130 1022 2216 1085 et
2248 998 2465 1094 ‚locis
2511 999 3396 1116 praefatis'constitutis
3425 1070 3455 1110 ,
3508 1007 3817 1124 quibus
3869 1009 4144 1129 aliqua
4193 1011 4377 1122 Eut·

1006 1120 1441 1208 charistiae
1495 1116 2006 1236 fragmenta,
2066 1149 2223 1206 seu
2294 1120 2695 1209 minutiae
2768 1153 2921 1237 pro
2985 1145 3374 1238 tempore·
3435 1126 4064 1235 interciderint,
4131 1134 4376 1219 etiam

1001 1265 1189 1356 post
1235 1264 1663 1357 peractum
1742 1235 2331 1346 Sacrificium,-
2378 1240 2694 1361 'absque
2752 1243 2930 1328 ullo
3007 1248 3561 1340 conscientiae
3621 1249 4015 1363 scrupulo
4051 1313 4084 1353 ,
4144 1254 4372 1365 juxta

1005 1363 1406 1449 Rubricas
1453 1360 1803 1446 Missalis
1842 1359 2192 1445 Romani
2245 1357 2717 1449 reverenter
2754 1360 3196 1486 sumendi.s
3223 1365 3570 1482 Insuper
3600 1369 4375 1483 Presbyterisejus-

1009 1481 1202 1570 dem
1259 1483 1686 1568 Societatis
1736 1480 1920 1567 Iesu
1963 1544 1988 1582 ‚
2053 1487 2263 1599 quos
2310 1484 2397 1565 in
2437 1482 3027 1569 Saracenorum
3060 1503 3222 1594 3.et
3255 1488 3608 1600 aliorum
3659 1485 4140 1575 Infidelium
4179 1491 4380 1578 Ter-

1010 1636 1192 1711 raS,
1259 1625 1343 1689 et
1391 1603 1587 1689 alias
1633 1604 2066 1721 utriusque
2118 1600 2459 1709 Indiae,
2514 1625 2599 1690 et
2648 1603 3268 1696 Transmarinas
3334 1609 3736 1719 Regiones
3788 1609 4037 1695 Maris
4106 1608 4371 1697 Ocea-

1008 1728 1161 1828 ni,
1224 1720 1329 1810 ad
1382 1756 1585 1841 quas
1649 1722 2055 1836 Hispani,
2119 1725 2203 1808 et
2248 1721 2624 1809 Lusitani
2687 1748 3183 1838 penetrant,
3249 1760 3345 1814 ac
3403 1728 3877 1816 Provincias
3935 1733 4374 1816 remotissi-

1005 1877 1234 1951 mas,
1297 1844 1443 1928 ubi
1499 1874 1663 1928 non
1718 1867 1840 1929 est
1894 1837 2334 1961 Inquisitio
2366 1906 2396 1947 ‚
2448 1866 2531 1928 et
2582 1842 2907 1930 Fideles
2958 1848 3177 1931 inter
3227 1846 3266 1932 Ι
3277 1844 3617 1934 nfideles
3667 1845 3984 1960 degunt
4016 1914 4047 1955 ,
4100 1881 4374 1968 neque

1011 1962 1433 2051 Ordinarii
1473 2028 1501 2070 ,
1551 1966 1841 2049 saltem
1893 1966 2101 2047 intra
2155 1960 2375 2047 duas·
2407 1960 2696 2049 dietas·
2742 1966 3096 2052 existunt
3159 1963 3638 2082 hujusmodi
3688 1966 4161 2070 facultatem
4232 1969 4374 2074 ha-

999 2084 1292 2171 bentes
1327 2150 1350 2192 ,
1416 2085 1930 2199 Praepositus
1981 2083 2409 2169 Generalis
2492 2086 2806 2170 miserit
2854 2147 2879 2191 ,
2946 2083 3458 2174 Christianos
3509 2090 3594 2173 in
3648 2085 3959 2175 eisdem
4021 2088 4376 2194 Provin-¹

1004 2207 1151 2290 ciis
1187 2269 1213 2312 ,
1268 2203 1526 2291 Indiis
1562 2269 1588 2312 ,
1628 2229 1710 2290 et
1762 2204 2265 2314 Regionibus
2314 2213 2914 2289 commorantes
2964 2205 3072 2290 ab
3122 2207 3509 2292 omnibus
3561 2212 3982 2320 peccatis,
4043 2231 4372 2314 senten·-

1002 2327 1188 2431 tiis,
1253 2348 1339 2413 et
1387 2327 1751 2412 censuris
1781 2387 1808 2430 ,
1857 2326 2101 2410 etiam
2153 2327 2237 2414 in
2292 2324 2533 2408 Bulla
2585 2322 2918 2411 Coenae
2963 2323 3312 2414 Domini
3367 2331 3827 2434 contentis,
3879 2351 3963 2418 et
4011 2359 4372 2430 reservas

1002 2448 1106 2531 tis
1135 2510 1166 2549 ,
1231 2448 1477 2532 etiam
1529 2449 1876 2556 gratiose
1925 2442 2407 2532 absolvendi
2456 2440 2929 2531 facultatem
2959 2508 2985 2551 ‚
3037 2443 3517 2563 eisdemque
3548 2509 3581 2549 ,
3646 2469 3739 2531 ut
3782 2449 4033 2533 semel
4069 2447 4178 2533 ab
4226 2448 4374 2553 ali-

1001 2595 1171 2682 quo
1221 2567 1547 2650 illarum
1583 2567 1940 2678 partium
1979 2564 2397 2679 Episcopo
2449 2564 2872 2677 approbati
2923 2562 3029 2650 ad
3067 2563 3712 2679 praedicandum
3741 2623 3769 2672 ³
3810 2563 4364 2653 confessione·

1000 2683 1455 2773 audiendas
1485 2748 1511 2791 ‚
1575 2707 1659 2771 et
1694 2681 1986 2770 Missas
2035 2679 2660 2770 celebrandum·
2704 2686 2790 2768 in
2853 2683 3302 2792 Ecclesiis‚
3357 2710 3441 2772 et
3494 2684 3893 2771 Oratoriis
3929 2686 4367 2772 Societatis

1000 2802 1200 2890 Jesu
1248 2801 1657 2919 praefatae
1705 2833 1857 2917 pro
1890 2807 2538 2889 ministeriorum
2569 2801 3048 2916 hujusmodi
3097 2809 3484 2892 exercitio
3519 2806 3865 2891 ulterius
3916 2804 4361 2912 licentiam,

999 2946 1084 3010 et
1131 2921 1805 3041 approbationem
1859 2921 1964 3007 ab
2013 2922 2190 3007 aliis
2249 2922 2729 3035 Episcopis,
2797 2945 3205 3041 quatenus
3263 2923 3575 3013 ¹distent
3622 2925 3839 3011 ultra
3902 2923 4108 3011 duas
4171 2924 4365 3011 Die·

996 3066 1119 3131 tas
1153 3108 1178 3150 ‚
1231 3067 1510 3160 petere
1543 3106 1569 3149 ‚
1633 3073 1779 3128 seu
1831 3041 2138 3129 habere
2188 3044 2532 3128 minime
2581 3064 3071 3150 teneantur,
3137 3041 3283 3130 sed
3345 3045 3655 3162 absque
3707 3044 3921 3153 illis,
3977 3048 4362 3160 praemis-

999 3196 1083 3249 sa
1131 3161 1399 3252 facere
1447 3167 1783 3278 possint.
1851 3163 1936 3247 Si
1988 3193 2186 3250 vero
2232 3162 2698 3276 Episcopus
2747 3163 2850 3247 ab
2911 3162 3291 3252 Ecclesia
3328 3227 3352 3271 ,
3418 3167 3555 3254 vel
3608 3164 3790 3258 loco
3839 3164 3985 3249 ubi
4024 3162 4358 3278 praedi-

1001 3307 1234 3371 catur
1268 3349 1292 3391 ‚
1353 3285 1491 3373 vel
1538 3280 2086 3371 confessiones
2135 3280 2591 3369 audiuntur
2628 3345 2651 3387 ,
2707 3312 2872 3375 non
2911 3278 3159 3370 distet
3209 3284 3425 3369 ultra
3474 3279 3874 3398 praefatas
3921 3282 4126 3368 duas
4161 3283 4360 3368 Die-

998 3427 1120 3490 tas
1151 3467 1177 3511 ‚
1230 3429 1433 3492 tunc
1483 3406 1813 3494 licentia
1876 3407 2123 3490 etiam
2188 3403 2520 3491 alterius
2551 3399 2977 3488 Ordinarii
3028 3404 3138 3487 ita
3201 3405 3455 3490 vicini
3506 3404 3760 3516 prius·
3795 3402 4161 3488 obtineri·
4216 3400 4360 3488 de·

1002 3525 1198 3614 beat
1229 3591 1253 3633 ‚
1320 3529 1535 3645 quae
1579 3550 1847 3612 tamen
1900 3555 2045 3640 per
2122 3524 2550 3640 epistolam
2601 3525 2844 3608 etiam
2896 3525 3317 3636 impetrari
3373 3526 3649 3637 possit.
3727 3522 4053 3608 Possint
4102 3523 4354 3609 etiam

910 3687 919 3694 ·
1000 3670 1219 3732 extra
1284 3647 1705 3735 Ecclesias·
1759 3671 2267 3732 consecratas
2324 3674 2576 3758 super
2625 3642 3046 3729 Altaribus
3094 3642 3616 3756 portatilibus
3665 3644 3754 3727 in
3828 3643 4013 3727 loco
4076 3661 4355 3727 tamen

999 3763 1328 3854 decenti
1368 3791 1421 3869 ,·
1451 3767 1594 3852 ubi
1652 3796 1817 3851 non
1882 3789 2005 3852 est
2051 3762 2590 3852 commoditas
2648 3762 3212 3849 Ecclesiarum
3250 3823 3274 3869 ‚
3330 3784 3415 3849 et
3475 3765 3560 3848 in
3609 3791 3804 3850 casu
3854 3764 4355 3848 necessitatis

1000 3905 1327 3973 tantum
1357 3951 1382 3993 ,
1448 3891 1691 3973 etiam
1730 3917 1877 4001 per
1912 3886 2193 3972 horam
2248 3907 2440 3971 ante
2491 3884 2764 3969 lucem
2801 3945 2826 3988 ‚
2878 3881 3012 3969 vel
3062 3884 3320 3968 etiam
3357 3906 3543 3996 post
3592 3879 4024 3969 meridiem
4061 3884 4148 3966 in
4201 3883 4351 3966 eis-

999 4001 1189 4092 dem
1257 4008 1817 4117 Regionibus‚
1868 4038 2058 4093 cum
2112 4037 2316 4120 opus
2364 4000 2619 4090 fuerit
2654 4065 2678 4109 ,
2734 4001 3154 4090 celebrare
3186 4065 3212 4108 ,
3265 4024 3345 4090 et
3398 4005 3483 4088 in
3521 4000 3858 4088 Maluco
3882 4065 3914 4106 ,
3962 4000 4353 4115 lappone‚

1002 4148 1086 4211 et
1134 4128 1312 4214 aliis
1365 4127 1861 4230 Insularum,
1913 4127 2356 4212 Terrarum
2389 4189 2419 4232 ,
2480 4125 3102 4212 Provinciarum
3138 4186 3164 4229 ,
3229 4144 3313 4211 et
3363 4121 3734 4208 locorum
3802 4118 4354 4234 praefatorum

995 4249 1365 4358 partibus
1401 4311 1424 4355 ‚
1484 4271 1566 4334 et
1617 4248 1814 4333 locis
1865 4279 1907 4332 a
1961 4246 2266 4365 quibus
2329 4241 2570 4333 valde
2640 4246 2931 4329 remoti
2982 4265 3178 4331 sunt
3234 4242 3694 4357 Episcopi,
3747 4240 3979 4342 Oleis
4029 4241 4350 4334 Sanctis

996 4398 1144 4479 per
1192 4363 1401 4453 duos
1440 4431 1464 4476 ,
1515 4369 1650 4456 vel
1702 4390 1917 4471 tres,
1978 4392 2121 4453 aut
2168 4387 2526 4485 quatuor
2576 4394 2833 4450 annos
2897 4386 3087 4452 ante
3137 4366 3623 4450 consecratis
3685 4361 3944 4450 libere
3994 4361 4116 4446 uti
4168 4390 4349 4473 pos-

998 4490 1183 4572 sint.
1248 4488 1425 4575 Nec
1478 4520 1642 4574 non
1675 4551 1698 4594 ‚
1765 4511 1864 4574 ut
1912 4490 2430 4606 quicumque
2478 4517 2576 4572 ex
2621 4481 3005 4599 praefatis
3054 4482 3560 4595 Presbyteris
3647 4482 4070 4569 Societatis
4119 4510 4348 4593 prae·

991 4602 1207 4694 fatae
1270 4633 1591 4695 tantum
1645 4609 2271 4696 Sacrosanctum
2344 4608 2647 4693 Missae
2693 4600 3208 4692 wSacrificium
3266 4599 3852 4690 defunctorum
3923 4630 4072 4716 pro
4136 4601 4341 4683 Ani·

876 4733 893 4742 “
992 4727 1285 4814 mabus
1335 4729 1642 4815 Christi
1706 4727 2077 4817 fidelium
2112 4792 2134 4836 ,
2204 4732 2349 4849 qui
2398 4760 2496 4816 ex
2546 4724 2702 4813 hac
2746 4729 2914 4814 vita
2977 4728 3063 4811 in
3115 4721 3540 4810 Charitate
3591 4719 3926 4808 Christo
3986 4723 4336 4834 conjun-

993 4850 1103 4931 cti
1158 4846 1685 4936 decesserunt
1719 4914 1742 4955 ‚
1797 4853 1878 4934 in
1938 4852 2279 4962 singulis
2316 4848 2714 4935 Ecclesiis
2753 4846 3177 4933 Societatis
3229 4841 3425 4931 Jesu
3457 4908 3480 4950 ,
3535 4838 3640 4929 ad
3694 4872 3953 4929 unum
4007 4840 4338 4925 illorum

993 4965 1530 5081 Superiorum
1581 4972 1919 5057 arbitrio
1966 4971 2215 5057 semel
2268 4964 2840 5084 deputandum
2877 4967 3164 5053 Altare
3196 4963 3790 5051 celebraverint
3818 4991 3965 5076 per
3998 4958 4341 5056 modum

987 5087 1352 5200 suffragii
1379 5089 1671 5176 iisdem
1691 5090 2153 5177 Animabus
2188 5092 2528 5206 prosint.
2566 5089 2991 5177 Postremo
3026 5081 3320 5174 iisdem
3354 5083 3861 5198 presbyteris
3907 5113 3956 5166 a
3994 5078 4343 5194 Praepp-

989 5212 1144 5293 sito
1198 5210 1591 5298 ,Generali
1629 5244 1727 5298 ex
1776 5208 1991 5298 dicta
2044 5212 2450 5300 Societate
2484 5205 2984 5325 deputandis
3016 5269 3043 5313 ,
3094 5228 3192 5290 ut
3242 5209 3328 5300 in
3378 5201 3758 5323 praefatis
3796 5200 4327 5312 Regionibus‚

939 5328 1507 5436 ·Provinciis,
1563 5356 1646 5418 et
1708 5332 1957 5440 locis,
2023 5336 2106 5418 in
2195 5331 2504 5451 quibus
2578 5333 2954 5418 similiter
3027 5323 3357 5417 Fideles
3410 5320 4149 5422 cum-Infidelibus
4225 5322 4347 5426 yi-

984 5475 1202 5536 vunt
1237 5511 1260 5553 ‚
1343 5476 1427 5537 et
1486 5483 1655 5539 non
1708 5448 2010 5539 adsunt
2074 5452 2552 5560 ordinarii,
2620 5456 2765 5571 qui
2828 5445 3310 5567 hujusmodi
3387 5444 3866 5545 facultatem
3916 5440 4339 5540 habeant,

898 5613 911 5636 ι
988 5565 1492 5688 qui-distant
1570 5573 1783 5659 ultra
1838 5572 2057 5661 ‘duas
2134 5571 2452 5686 die-taS,
2523 5603 2715 5693 cum
2763 5568 3277 5688 Neophyti5‚
3348 5563 3848 5702 aliisque-ad
3918 5556 4173 5668 fidem
4227 5589 4349 5670 ge·
