4834 6409
1065 597 1868 712 Monasterii-septa,
1932 628 2182 716 quarn
2247 623 2494 686 extra.
2558 601 2737 688 Nec
2782 606 3109 717 'praeter
3172 606 3480 704 unum',
3532 617 3677 682 aut
3722 589 3934 677 duos
3992 589 4254 675 socios
4312 614 4437 671 se·

1067 731 1262 804 eum
1312 719 1662 825 habeat,
1730 748 1919 804 eum
1972 720 2583 806 eMonasterio
2612 720 3073 833 egreditur,
3112 722 3264 803 nisi
3314 715 3542 804 alind
3596 713 4026 801 necessitas
4073 707 4441 797 suadeat.

1070 842 1466 953 Septimo,
1513 836 1972 923 Monachus
2017 841 2105 923 in
2160 842 2326 924 suis
2374 844 2992 949 gravaminibus
3048 838 3153 925 ad
3202 870 3288 926 se
3340 857 3849 925 recurrentes
3896 831 4258 938 benigne
4307 858 4442 916 ex-

1069 961 1318 1072 cipiat
1349 994 1384 1064 ,⁷
1428 981 1511 1045 et
1559 960 1964 1071 patienter
2013 956 2318 1045 audiat.
2371 961 2684 1047 Caveat
2736 987 3005 1047 tamen
3039 1024 3065 1065 ‚
3106 990 3210 1046 ne
3260 956 3783 1044 indeansam
3832 954 4236 1063 accipiant
4287 951 4443 1035 Su-

928 1151 932 1155 .
1065 1081 1425 1192 pet-iores
1485 1075 2073 1164 contemnendi
2116 1078 2346 1188 ;-sed
2412 1084 2686 1194 potius
2736 1113 3018 1168 curam
3080 1108 3412 1165 omnem
3474 1073 3892 1177 adhibeat,
3948 1094 4037 1156 ut
4094 1067 4435 1157 Subditi

1070 1198 1653 1312 Superioribus
1717 1227 2078 1282 amorem
2109 1263 2140 1302 ,
2191 1231 2286 1285 ae
2338 1205 2873 1288 reverentiam
2927 1199 3391 1289 exhibeant.
3444 1196 3795 1298 Oetam,
3850 1195 3914 1278 si
3966 1194 4447 1301 contingat,

1067 1316 1386 1435 aliquid
1450 1351 1492 1403 a
1552 1318 1898 1402 Summo
1967 1316 2369 1405 Pontifice
2408 1382 2433 1426 ,
2507 1325 2680 1407 sive
2740 1322 3063 1407 allino
3135 1319 3503 1407 Domino
3567 1309 4033 1400 Patr-iarcha
4100 1308 4439 1397 decerni

1066 1439 1277 1522 circa
1335 1434 1785 1523 Monachus
1839 1460 2183 1541 nostr05,
2233 1463 2468 1524 curet
2536 1439 2744 1525 illud
2798 1439 3237 1549 diligenter
3280 1435 3809 1551 promulgari,
3861 1452 3945 1517 et
3992 1430 4434 1517 observari.

1066 1554 1530 1671 Utriusque
1567 1560 1814 1641 etiam
1868 1553 2259 1664 favorem,
2301 1585 2382 1646 et
2449 1565 3045 1671 protectionem
3098 1556 3398 1643 Ordini
3454 1579 3730 1641 nostro
3775 1550 4216 1639 conciliare
4265 1577 4436 1638 stu·

1066 1671 1282 1760 dean
1357 1673 1615 1783 Quod
1687 1674 1913 1760 idem
1972 1702 2327 1789 praestet
2386 1711 2583 1763 cum
2651 1681 3105 1794 Episcopis.
3152 1679 3521 1764 locorum
3572 1672 4038 1760 Ordinariis
4087 1732 4111 1776 ‚
4184 1695 4432 1790 atque

1066 1794 1683 1909 Magistratibus
1735 1795 2032 1903 Laicis,
2085 1800 2165 1881 in
2233 1829 2588 1917 quorum
2632 1799 2971 1887 ditione
3017 1797 3513 1886 Monasteria
3568 1815 3840 1879 nostra
3892 1793 4044 1875 sita
4092 1817 4310 1879 sunt.

2451 2042 2523 2126 c
2591 2041 2666 2124 A
2731 2041 2823 2125 P.
2927 1976 3069 2122 lvss

2370 2283 2512 2367 De
2556 2283 3099 2399 Hegumenis.

1177 2516 1241 2600 1.
1309 2513 1780 2627 Hegumeni
1830 2537 2190 2631 quatuor
2240 2520 2323 2603 in
2377 2518 3039 2636 Congregatione
3101 2519 3459 2631 generali
3527 2512 3886 2629 eligendi
3950 2538 4144 2602 sunt
4192 2576 4214 2616 ,
4279 2517 4422 2633 qui

1055 2637 1480 2721 Abbatem
1541 2631 2034 2721 Generalem
2117 2638 2204 2721 in
2271 2639 2870 2748 gubernatione
2918 2643 3170 2737 totius
3246 2635 4059 2750 Ordinis'adjuvent.
4133 2636 4234 2719 ll.
4296 2631 4425 2718 Ad

1057 2756 1740 2866 Hegumenorum
1808 2783 2006 2840 vero
2082 2761 2651 2847 auctoritatem
2726 2758 3116 2874 pertinet.
3163 2761 3444 2843 Primo
3491 2820 3518 2863 ,
3587 2779 3684 2842 ut
3742 2759 3827 2840 in
3917 2758 4144 2865 omni
4202 2753 4429 2838 Con-

1054 2875 1552 2986 gregatione,
1597 2894 1692 2959 et
1733 2895 1956 2958 extra
2007 2871 2750 2988 congregationem
2800 2884 3158 2994 primum
3211 2878 3483 2965 locum
3563 2898 3747 2993 post
3794 2875 4208 2960 Abbatem
4264 2872 4429 2959 Ge·
4496 2910 4503 2915 ·

1054 2994 1414 3081 neralem
1466 3016 1821 3079 teneant.
1878 2994 2301 3100 Secundo,
2353 3000 2437 3082 in
2493 3000 2882 3084 omnibus
2946 3001 3288 3110 negotiis
3351 2993 3838 3084 decidendis
3886 2991 3993 3079 ad
4041 3024 4307 3098 suam,
4343 3018 4431 3082 et

1049 3112 1513 3226 generalem
1559 3109 2307 3223 Congregationem
2362 3115 2775 3205 devolutis
2806 3181 2834 3223 ,
2886 3121 3376 3204 senteutiam
3429 3115 4209 3226 definitivam'post'
4242 3111 4415 3196 Ab·

1049 3232 1328 3318 batem
1381 3230 1875 3317 Gener-alem
1927 3229 2229 3319 ferunt.
2281 3238 2601 3344 Terti0,
2651 3271 2814 3323 una
2866 3270 3062 3325 cum
3113 3237 3447 3322 Abbate
3499 3233 3885 3324 Generali
3925 3262 4211 3319 omnes
4246 3231 4424 3317 Ab·

1046 3352 1279 3470 bates
1326 3372 1530 3434 tum·
1571 3350 2455 3460 Provinciarum,·tnrn
2505 3358 3192 3444 Monasteriorum
3258 3359 3806 3442 constituunt:
3870 3350 3987 3436 Et
4019 3414 4046 3456 ‚
4098 3354 4164 3437 si
4216 3382 4423 3465 opus

1047 3468 1296 3557 fuerit
1323 3531 1353 3574 ‚
1403 3466 1868 3555 destituunt
1917 3536 1941 3581 ,
2015 3474 2147 3558 vel
2197 3476 2404 3560 loco.
2450 3478 2876 3565 Abbatum
2924 3475 3535 3564 Defunctorum
3606 3474 3804 3559 alios
3850 3472 4365 3557 substituunt
4394 3533 4419 3553 .

1050 3590 1284 3678 Idem
1343 3587 1825 3696 dicendum,
1875 3593 1941 3675 si
1990 3598 2177 3707 quis
2229 3590 2914 3705 Hegumenorum
2961 3598 3284 3711 objerit.
3329 3596 3679 3681 Possunt
3727 3593 3947 3678 enim
4002 3597 4183 3704 ejus
4234 3591 4420 3677 loco

1047 3713 1302 3797 alium
1354 3711 1654 3821 eligere
1703 3740 1897 3828 cum
1947 3711 2277 3799 Abbate
2346 3715 2761 3804 Generali.
2830 3716 3151 3825 Quarto
3182 3777 3207 3821 ,
3260 3718 3454 3801 cum
3524 3710 3818 3799 eodem
3868 3711 4201 3796 Abbate
4251 3709 4417 3797 Ge-

983 3888 989 3893 ·
1051 3832 1309 3919 nerali
1349 3893 1373 3935 ,
1440 3850 1586 3915 aut
1657 3859 1758 3916 eo
1820 3860 1867 3916 e
1938 3833 2149 3915 vivis
2223 3858 2517 3948 erepto
2556 3899 2583 3942 ,
2646 3838 2782 3924 vel
2868 3838 3227 3947 legitime
3300 3831 3759 3948 impedito,
3841 3831 3993 3917 soli
4072 3853 4409 3944 possunt

1047 3953 1439 4069 quintum
1493 3948 2079 4059 Hegumenum
2131 3952 2460 4064 eligere,
2512 3959 2656 4073 qui
2716 3957 2987 4041 locum
3028 3954 3299 4071 quarti
3336 3975 3614 4040 teneat
3673 3953 3756 4035 in
3806 3980 3907 4036 eo
3958 3981 4177 4056 casu,
4214 3978 4417 4065 ⁴quo

1044 4075 1360 4189 primus
1393 4067 1934 4179 Hegumenus
1971 4092 2392 4188 tamquam
2451 4076 2846 4180 Vicat-ius,
2874 4075 3205 4159 Abbate
3240 4071 3625 4160 Generali
3666 4070 4023 4180 legitime
4073 4066 4420 4183 impedi-

1047 4214 1161 4296 te,
1198 4202 1341 4277 aut
1374 4185 1832 4292 Defuncm,
1865 4192 2017 4274 toti
2067 4189 2378 4277 Ordini
2402 4224 2772 4307 praeesse
2808 4193 3176 4299 debebit,
3216 4188 3618 4310 usquead
3646 4192 3840 4275 novi
3870 4189 4224 4274 Abbatis
4248 4187 4417 4274 Ge-

1044 4308 2204 4424 neralis‚eleetionem‚·quam‚
2240 4315 2307 4396 si
2344 4310 2733 4428 expedire
2759 4311 3342 4418 visumsuerit,
3383 4332 3726 4425 possunt
3760 4312 4008 4395 etiam
4045 4305 4409 4415 differre,

1044 4427 1313 4522 donee
1351 4428 1795 4513 triennium
1834 4428 2278 4539 expleatur,
2395 4464 2503 4516 uo
2549 4434 2977 4521 Generalis
3005 4430 3581 4544 .Congregatio
3632 4425 4166 4517 convocanda
4230 4432 4414 4514 erit.

1044 4551 1183 4634 Sic
1210 4553 1456 4636 etiam
1483 4569 1824 4658 possunt
1857 4546 2285 4659 Vicat-ium
2408 4556 2788 4663 egumeni
2820 4551 3245 4668 deputare,
3281 4555 3345 4637 si
3385 4550 3818 4660 contigerit
3866 4548 4099 4632 illum
4151 4579 4247 4633 ex
4300 4549 4414 4634 le·

1042 4670 1320 4779 gitima
1365 4674 1616 4753 eausa
1651 4661 2069 4752 ati-Officii
2116 4673 2241 4754 sui
2270 4674 2750 4758 executione
2798 4670 3202 4786 impediri.
3257 4672 3606 4779 Quium,
3660 4691 4004 4782 possunt
4048 4664 4416 4753 Genera·

957 4834 962 4843 ι
1042 4788 1206 4873 lem
1255 4784 1996 4894 congregationem
2030 4789 2883 4911 convocare,·quando
2910 4793 3194 4881 Abbas
3244 4789 3672 4876 Generalis
3701 4788 3785 4870 in
3838 4816 3974 4872 eos
4011 4816 4246 4872 casus
4278 4782 4407 4872 'in-

947 4938 954 4943 ·
1042 4903 1376 5009 ciderit,
1419 4902 1790 5020 ob-quos
1836 4900 1945 4989 de
1975 4910 2158 5020 ejus
2193 4910 2533 5023 publiea
2564 4910 3236 5027 reprehensione,
3274 4932 3419 4995 ant
3460 4908 3569 4993 ab
3621 4902 3906 4992 Officii
3948 4904 4425 5019 suspensio?
4462 4902 4465 4905 Δ

1039 5057 1176 5131 ne,
1214 5023 1656 5112 autetiam·
1681 5019 2194 5137 depositione
2223 5027 2641 5141 agendum
2686 5053 2929 5118 esset:
2974 5027 3229 5131 Modo
3254 5054 3536 5116 tamen
3562 5026 4072 5130 eonveniant
4119 5022 4410 5115 suffra-

1041 5148 1189 5257 gia·
1217 5148 1471 5232 trium
1520 5142 1871 5255 aliorum
1920 5144 2381 5256 Abbatum,
2412 5181 2620 5268 quos
2669 5152 2752 5235 in
2801 5154 2944 5238 tali
2979 5178 3173 5238 easu
3210 5164 3664 5238 convocare
3710 5141 4048 5252 debent,
4087 5168 4172 5233 et
4210 5169 4411 5236 tunc

837 5285 845 5295 '
900 5312 909 5383 3
1040 5261 1423 5377 suffragia
1474 5265 1804 5377 majora.
1847 5265 2463 5376 praevalebunt.
2531 5270 2803 5376 Sexto,
2838 5274 3140 5373 omnia,
3200 5267 3667 5379 etlsingula.
3699 5261 3969 5355 faeere
4037 5280 4406 5379 possunt,

901 5400 910 5409 ‘
1037 5414 1254 5502 quae
1297 5386 1492 5500 ipsis
1558 5411 1706 5496 per
1753 5378 2405 5475 Constitutiones
2472 5414 3009 5478 reservantur.
3064 5390 3224 5475 ΙΙΙ.
3254 5388 3579 5479 ‚Curare
3628 5382 3943 5471 debent
3988 5384 4407 5492 Hegume-

906 5568 920 5583 .
1038 5507 1126 5590 ni
1153 5532 1196 5610 ‚·
1234 5526 1333 5590 ut
1391 5499 1979 5589 cum-Abhate
2028 5501 2419 5594 Generali
2494 5506 2945 5623 perfectam
3022 5506 3619 5613 concordiam,
3688 5526 3779 5591 et
3839 5501 4400 5591 obedientiam

1038 5647 1419 5715 servent:
1465 5618 1754 5739 idque
1830 5642 2006 5709 tum
2053 5620 2348 5741 factis,
2403 5651 2584 5717 tum
2628 5629 2906 5721 verbis
2980 5626 3417 5723 ostendant
3448 5690 3475 5734 ‚
3539 5627 4104 5725 anctoritatem
4150 5623 4407 5740 ipsius
