4834 6409
997 486 1077 537 2.

987 579 1273 668 eadem
1332 574 1823 665 auctoritate·
1876 578 2341 691 impertitus
2386 600 2565 688 est,
2631 603 2879 696 prout
2944 585 3026 669 in
3080 584 3258 671 aliis
3296 589 3547 701 ipsius
3602 586 4076 676 Alexandri·
4111 589 4394 688 praes·

985 702 1432 788 decessoris
1483 701 1741 785 literis
1797 699 2105 812 pariter
2150 697 2568 789 informa
2637 703 2919 791 Brevis
2993 702 3133 792 die
3175 706 3428 792 -XnL
3484 707 3758 796 Martii
3822 709 4351 795 MDCLXV.
4473 755 4480 762 ·

986 827 1382 910 emanatis
1422 820 1746 933 plenius
1798 820 2042 903 etiam
2097 825 2592 937 continetur.
2634 828 2761 909 Ac
2813 823 3337 938 postmodum
3393 859 3719 916 rec.me.
3761 827 4156 918 Clemens
4205 830 4361 915 IX.

995 944 1386 1031 Clemens
1436 939 1546 1022 X.
1600 963 1683 1027 et
1738 938 2442 1034 lnnoc'entinsXI.
2498 942 2844 1029 Romani
2900 944 3348 1034 Pontifices·
3391 953 3640 1038 etiam
3688 947 4361 1038 praedecessores

994 1066 1271 1150 Nostri
1324 1060 1751 1148 facultates
1800 1057 2109 1145 eisdem
2151 1064 2586 1178 Episcopis
2613 1064 2959 1151 Vicariis
2982 1068 3467 1180 Apostolicis
3517 1103 3559 1156 a
3613 1066 3973 1185 praefato
4014 1071 4363 1156 Alexan·
4449 1141 4460 1149 .

996 1183 1148 1269 dro
1199 1179 1833 1268 Praedecessore
1897 1177 2001 1263 ad
2053 1185 2579 1301 septennium
2613 1191 3239 1300 'prorogatas'et
3302 1187 3407 1276 de
3458 1221 3675 1277 novo
3747 1220 4175 1275 concessas
4237 1221 4361 1276 re-

996 1307 1358 1418 spective
1389 1365 1411 1407 ,
1481 1323 1574 1385 ut
1623 1296 2079 1415 praefertur
2114 1368 2136 1410 ,
2206 1302 2311 1388 ad
2360 1304 2516 1389 alia
2562 1308 2717 1389 tria
2767 1309 3190 1421 septennia
3224 1370 3248 1412 ,
3305 1340 3600 1424 nempe
3653 1309 4011 1428 quilibet
4071 1339 4362 1396 eorum

989 1424 1091 1510 ad
1144 1454 1409 1508 unum
1474 1422 1993 1533 septennium
2079 1426 2540 1510 successive
2589 1425 3194 1531 extenderunt,
3241 1452 3507 1541 prout
3549 1431 3650 1514 in
3727 1458 4014 1514 eorum
4106 1428 4360 1515 literis

989 1544 1364 1629 similiter
1415 1545 1495 1627 in
1551 1537 1811 1625 forma
1877 1539 2160 1629 Brevis
2211 1541 2346 1629 die
2398 1542 2643 1630 an.
2699 1543 3088 1630 Octobris
3152 1546 3754 1636 MDCLXJX..
3813 1544 3951 1634 die
4013 1543 4349 1642 xxm.

997 1664 1388 1751 Octobris
1436 1658 2102 1748 MDCLXXHI.
2186 1688 2267 1750 et
2310 1659 2454 1752 die
2503 1662 2745 1756 XVI.
2830 1666 3136 1778 Aprilis
3196 1666 3835 1754 'MDGLXXX
3907 1671 4388 1781 respective.

998 1781 1441 1899 expeditis,
1472 1810 1823 1899 quarum
1856 1845 1885 1884 ,
1933 1804 2016 1866 et
2054 1780 2659 1898 praedictarum
2716 1782 3160 1872 Alexandri
3213 1785 3872 1876 praedecessoris
3926 1788 4388 1876 literarum:

998 1929 1325 1991 tenores
1370 1902 1943 2018 praesentibus
1972 1935 2144 2019 ’pro
2193 1904 2439 2019 plene
2489 1925 2573 1991 et
2619 1900 3127 1992 sufficienter
3178 1910 3570 2019 expressis
3606 1970 3630 2012 ,
3696 1929 3781 1993 et
3845 1910 4166 2020 insertis
4218 1905 4361 1992 ha·-

996 2026 1179 2111 beri
1230 2024 1659 2127 volumus,
1690 2022 2050 2108 uberius
2102 2054 2568 2136 expressum
2623 2028 3046 2137 reperitur.
3098 2022 3362 2110 'Nunc
3412 2050 3685 2112 autem
3740 2026 3914 2112 Nos
3964 2025 4362 2112 Christia-

1003 2173 1163 2232 nae·
1211 2144 1660 2256 Religionis
1695 2201 1720 2247 ,
1787 2164 1871 2227 et
1918 2141 2395 2231 Catholicae
2450 2141 2684 2230 Fidei
2738 2146 2820 2230 in
2873 2145 3243 2258 partibus
3291 2143 3730 2258 praedictis
3780 2142 4145 2231 solidiori
4194 2167 4352 2230 sta·
4473 2131 4490 2149 ⁸

999 2265 1438 2350 bilimento
1488 2259 1924 2380 latim-'ique
1992 2266 2562 2378 ‘propagationi
2604 2325 2627 2368 ‚
2690 2285 3095 2381 quantum
3149 2261 3422 2352 Nobis.
3462 2297 3559 2351 ex
3611 2265 3776 2350 alto
3840 2262 4350 2371 conceditur,

998 2382 1437 2497 providere
1488 2384 1914 2498 cupientes
1947 2445 1978 2487 ,
2041 2380 2472 2503 dictosque
2519 2383 2974 2497 Episcopos
3028 2384 3394 2470 Vicarios
3445 2385 3963 2498 Apostolicos
4022 2383 4355 2497 amplio-

1000 2507 1110 2590 ris
1160 2502 1441 2591 favore
1492 2507 1794 2615 gratiae
1855 2506 2240 2620 prosequi
2319 2502 2750 2608 volentes,
2816 2526 2899 2587 et
2983 2533 3270 2590 eorum
3354 2504 3804 2613 singulares
3879 2534 4264 2617 personas
4314 2537 4358 2589 a

1008 2626 1441 2742 quibusvis
1492 2625 2416 2725 excommunicationis,
2481 2625 3033 2735 suspensionis
3069 2683 3093 2727 ,
3158 2646 3240 2710 et
3290 2621 3704 2710 interdicti
3745 2685 3782 2729 ,,
3837 2625 4180 2740 aliisque
4234 2653 4368 2710 ec-

1005 2745 1471 2831 clesiasticis
1521 2744 2012 2846 sententiis,
2079 2743 2498 2847 censuris,
2562 2765 2645 2827 et
2691 2745 2974 2855 paenis
3026 2745 3304 2854 atjure
3335 2806 3358 2848 ,
3422 2742 3557 2828 vel
3608 2743 3713 2828 ab
3777 2741 4113 2828 homine
4162 2773 4368 2861 qua-

1001 2867 1128 2951 vis
1177 2864 1606 2950 occasione
1640 2921 1671 2963 ,
1705 2861 1842 2947 vel
1892 2892 2131 2948 causa
2184 2860 2419 2965 latis,
2473 2863 2540 2945 si
2593 2860 2904 2977 quibus
2933 2923 2962 2965 ‚
3027 2859 3655 2979 quomodolibet
3706 2860 4147 2950 innodatae
4198 2864 4366 2947 exi·

1007 3006 1235 3071 stunt
1252 3044 1281 3086 ,
1335 2978 1441 3067 ad
1491 2975 1885 3066 effectum
1933 2983 2491 3094 praesentium
2543 2976 2965 3070 dumtaxat
3016 3013 3262 3074 conse
3331 2981 3740 3088 nendum,
3807 2978 4101 3070 harum
4163 2983 4369 3067 serie

1012 3103 1529 3192 absolventes
1554 3161 1583 3207 ,
1652 3122 1735 3185 et
1784 3099 2196 3186 absolutas
2258 3097 2434 3216 fore
2498 3124 2963 3206 censentes,
3029 3099 3133 3186 de
3214 3013 3859 3192 flenter-abdiam
3953 3103 4369 3187 Fratrum

1007 3223 1519 3312 Nostrorum
1562 3220 1649 3304 S.
1702 3220 1799 3305 R·
1849 3218 1953 3307 Ε.
2002 3218 2597 3336 Cardinaliuns
2642 3225 2993 3338 negotiis
3034 3221 3632 3342 propagandae
3667 3221 3896 3339 fidei
3944 3224 4372 3334 praeposi·-

1011 3363 1289 3428 toram
1326 3339 1684 3427 'consilio
1720 3401 1745 3446 ,
1801 3338 2129 3427 easdem
2179 3337 2608 3428 facultates
2658 3371 2871 3457 quae
2933 3338 3173 3429 dictis
3226 3342 3657 3456 Episcopis
3706 3342 4056 3426 Vicariis
4145 3344 4405 3452 Apo·-

1009 3465 1315 3550 stolicis
1386 3491 1530 3575 per
1575 3457 1973 3575 praefatas
2048 3458 2553 3565 Alexandri,
2642 3462 3074 3578 utriusque
3154 3459 3668 3568 Clementis,
3737 3492 3831 3546 ac
3895 3461 4365 3544 Innocentii

896 3683 903 3688 ,
1009 3580 1743 3670 Praedecessorum
1794 3579 2281 3670 Nostrorum
2336 3581 2606 3667 literas
2671 3586 3120 3693 respective
3184 3611 3615 3669 concessae
3679 3604 3762 3667 et
3822 3580 4131 3693 pluries
4183 3607 4370 3692 pro·

1012 3725 1341 3815 rogatae
1374 3763 1399 3807 ,
1462 3731 1606 3787 seu
1670 3723 2046 3788 extensae
2092 3698 2438 3788 fuerunt
2471 3763 2500 3802 ,
2550 3696 2668 3783 ad
2712 3699 2922 3785 alios
2972 3719 3284 3816 septem
3331 3732 3592 3788 annos
3649 3733 3710 3790 a
3731 3700 3923 3815 fine
3955 3701 4374 3812 septenm’i,

1004 3854 1159 3938 per
1237 3823 1823 3908 Innocentium
1885 3820 2615 3907 Praedecessorem
2703 3822 3140 3909 novissime
3215 3825 3627 3936 prorogati
3705 3811 4367 3932 computandos;

1015 3944 1323 4062 quibus
1356 4003 1382 4048 ,
1446 3962 1531 4028 et
1580 3937 1907 4028 residuo
1957 3944 2344 4054 temporis
2374 3997 2403 4046 ‚
2469 3962 2564 4028 nt
2609 3936 3067 4052 praefertur
3101 4002 3126 4047 ,
3173 3943 3585 4056 prorogati
3639 3937 4161 4043 durantibus,
4216 3937 4376 4051 ipsi

1012 4060 1393 4150 moderni
1429 4122 1465 4166 ,
1525 4084 1608 4147 et
1656 4091 1804 4174 pro
1852 4084 2220 4175 tempore
2266 4062 2699 4148 existentes
2748 4059 3138 4173 Episcopi
3189 4061 3496 4147 vicarii
3550 4059 4002 4174 Apostolici
4056 4058 4139 4140 in
4191 4086 4376 4168 par-

1016 4183 1242 4267 tibus
1292 4177 1732 4295 praedictis
1797 4181 1903 4265 ab
1951 4180 2106 4266 bac
2158 4182 2454 4268 Sancta
2509 4175 2721 4265 Sede
2757 4176 3128 4291 deputati
3165 4176 3475 4268 eisdem
3528 4176 4058 4268 facultatibus
4109 4177 4229 4259 uti
4279 4198 4368 4260 et

1017 4302 1177 4386 illis
1224 4332 1435 4418 quos
1487 4298 1589 4385 ad
1640 4300 1931 4387 Sacros
1983 4297 2341 4394 Ordines
2389 4302 2671 4409 vigore
2720 4295 3748 4414 facultatum-'hujusmodi
3810 4298 4376 4410 promoverint

1017 4423 1271 4508 etiam
1346 4421 1909 4506 rrecitationem
1991 4417 2243 4506 officii
2312 4417 2631 4523 divini,
2696 4415 3086 4504 horarum
3170 4416 3560 4505 videlicet
3627 4419 4213 4503 canonicarum
4283 4417 4368 4497 in

1018 4541 1213 4626 alias
1266 4571 1547 4654 preces
1593 4571 1743 4654 per
1807 4571 1942 4625 eos
1996 4538 2289 4625 diebus
2348 4538 2689 4647 singulis
2741 4535 3179 4623 recitandis
3242 4541 3604 4652 ipsorum
3670 4536 4006 4632 arbitrio
4063 4536 4372 4619 Aucto·

1021 4663 1257 4746 ritate
1307 4683 1572 4746 nostra
1629 4660 2099 4772 Apostolica
2154 4681 2658 4744 commutare
2709 4656 2968 4742 libere
3003 4660 3305 4772 pariter
3354 4680 3438 4743 et
3487 4657 3706 4744 licite
3744 4655 4054 4769 possint
4100 4676 4185 4737 et
4229 4683 4373 4738 va·

1020 4781 1296 4888 leant3
1361 4802 1673 4866 servata
1726 4803 1997 4865 tamen
2035 4842 2060 4883 ,
2127 4802 2208 4864 et
2273 4778 2491 4864 salva
2523 4777 2627 4872 ‘in
2703 4776 3035 4893 reliquis
3073 4799 3563 4864 ‘remanente
3611 4770 4116 4860 earumdem
4182 4772 4374 4856 Ale-

1017 4898 1304 4986 xandri
1336 4962 1362 5005 ,
1431 4900 1861 5016 utriusque
1924 4893 3080 5001 Clementis‚1aclnnoeentii
3132 4894 3864 4982 praedecessorum
3915 4892 4172 4979 forma
4208 4954 4232 4996 ,
4281 4911 4373 4976 et

1020 5017 1555 5131 dispositione
1600 5081 1622 5125 ,
1690 5019 2171 5105 auctoritate
2222 5013 2576 5132 praefata
2609 5077 2641 5121 -,
2697 5039 2978 5102 tenore
3039 5016 3598 5130 praesentium
3671 5039 4204 5129 prorogamus
4275 5014 4379 5094 si-

1015 5141 1377 5244 militer,
1450 5169 1544 5224 ac
1594 5135 2110 5224 extendimus
2150 5202 2173 5243 ,
2239 5161 2322 5224 et
2371 5136 2903 5249 ampliamus:
2976 5138 3194 5221 salva
3250 5160 3521 5221 tamen
3588 5165 3910 5249 semper
3987 5134 4068 5215 in
4153 5160 4382 5243 prae-

1012 5261 1283 5345 missis
1315 5259 1801 5346 anctoritate
1852 5258 2527 5370 Congreg-ationis
2576 5252 3061 5342 corumdem
3141 5252 3737 5341 Cardinali‘um.
3803 5252 3992 5337 Non
4044 5249 4376 5335 obstan·

1020 5378 1245 5464 tibus
1309 5380 2039 5466 constitutionibus
2089 5402 2174 5464 et
2220 5374 2878 5463 ordinationibus
2926 5375 3586 5490 A.postolicis.ac·
3633 5372 4021 5457 omnibus
4082 5393 4168 5456 et
4215 5374 4379 5454 sin—

1022 5497 1236 5608 gulis
1287 5497 1498 5605 illis,
1566 5529 1782 5618 quae
1830 5500 1915 5586 in
1979 5496 2378 5613 praefatis.
2423 5495 2712 5583 litteris
2762 5524 3141 5584 concessa
3203 5517 3418 5580 sunt.
3449 5524 3630 5580 non.
3678 5491 4055 5595 obstare,
4111 5509 4376 5576 caete·

1006 5620 1296 5741 risque
1376 5622 1813 5707 contrariis.
1869 5617 2578 5739 quibuscumque„
2616 5612 3046 5705 Volumus,
3079 5636 3374 5705 autem:
3423 5637 3542 5703 ut.
3598 5608 4098 5704 earumdem.
4133 5637 4397 5727 prae·-
