4834 6409
3619 499 3786 588 109

350 653 355 654 ⁷
411 605 747 712 stolica,
808 599 946 690 vel
978 594 1277 719 quavis
1323 594 1711 685 firmitate
1762 590 1916 682 alia
1970 594 2366 686 roboratis
2417 593 2738 682 statutis
2768 655 2793 699 ,
2858 611 2946 679 et
2993 586 3784 700 consuetudinibus,

410 724 859 842 privilegiis
909 749 1245 838 quoque
1293 715 1684 821 indultis,
1738 738 1822 802 ct
1871 717 2126 806 literis
2155 714 2652 830 Apostolicis
2701 718 2786 799 in
2842 713 3351 802 contrarium
3400 717 3789 825 praemis·

411 875 694 933 sorum
743 837 1373 959 quomodolibet
1442 839 1906 944 concessis,
1973 833 2531 941 confirmatis,
2618 858 2701 923 et
2779 835 3244 938 innovatis,
3331 835 3788 952 ceterisque

414 964 846 1051 contrariis
896 960 1591 1077 quibuscumque.

536 1083 949 1167 Volumus
1008 1102 1281 1166 autem
1319 1141 1342 1185 ‚
1381 1100 1474 1165 ut
1510 1073 1987 1166 earumdem
2037 1079 2594 1189 praesentium
2630 1074 3046 1160 literarum
3100 1075 3492 1190 exemplis
3539 1076 3794 1163 etiam

414 1203 823 1318 impressis
867 1231 1124 1286 manu
1173 1198 1489 1284 Notarii
1574 1195 1892 1311 publici
1943 1196 2426 1310 subscriptis
2464 1258 2489 1303 ‚
2554 1219 2639 1283 et
2687 1195 2955 1306 sigillo
3004 1223 3400 1307 personae
3447 1196 3571 1280 -in
3619 1181 3790 1282 Ec·

414 1322 857 1436 clesiastica
911 1316 1312 1430 dignitate
1379 1319 1872 1405 constitutae
1958 1318 2298 1402 munitis
2333 1378 2358 1420 ,
2426 1313 2717 1403 eadem
2799 1344 3131 1428 prorsus
3197 1312 3401 1401 fides
3462 1315 3788 1435 ubique

410 1438 955 1545 adhiheatur,
1035 1467 1250 1556 quae
1315 1439 1510 1554 ipsis
1569 1437 2140 1553 praesentibus
2211 1432 2750 1528 adhiberetur
2785 1496 2811 1541 ‚
2877 1436 2941 1519 si
3005 1430 3281 1521 forent
3327 1433 3781 1554 exhibitae,

414 1558 549 1647 vel
614 1581 1013 1647 ostensae.
3032 1633 3036 1640 .

525 1677 843 1766 Datum
898 1678 1210 1765 Romae
1258 1675 1482 1792 apud
1532 1676 1919 1765 Sanctam
1999 1674 2383 1781 Mat-iamt
2430 1673 2836 1792 Majorem
2885 1669 3044 1762 sub
3110 1673 3453 1766 Annulo
3505 1674 3778 1764 Pisce·-

408 1801 606 1886 toris
655 1796 792 1886 die
852 1800 982 1885 13.
1034 1795 1242 1883 Julii
1304 1794 1552 1913 1735.
1622 1794 2164 1885 pontificatus
2215 1799 2471 1883 nostri
2523 1828 2746 1884 anno
2796 1799 3117 1915 quinto·

508 2161 975 2262 ‚Revocatio
1008 2226 1037 2266 ‚
1087 2181 1170 2253 et
1229 2160 1704 2248 annullatio
1763 2158 2131 2246 duarum
2190 2158 2736 2272 epistolarum
2799 2160 3383 2249 Pastoralium
3432 2165 3556 2246 bo.
3624 2194 3781 2249 me.

646 2283 1103 2368 Francisci
1145 2281 1549 2395 Episcopi
1628 2277 2031 2366 Pekinen.
2095 2276 2497 2367 (latarum
2570 2279 2709 2364 die
2756 2285 2840 2368 6.
2902 2282 2971 2366 J
2963 2282 3127 2365 ulii
3159 2343 3184 2385 ,
3257 2300 3339 2364 et
3407 2283 3545 2368 23.
3613 2285 3787 2367 De-

648 2404 1004 2486 cembris
1089 2434 1121 2486 1
1139 2404 1336 2516 733.
1401 2408 1634 2488 circa
1685 2401 1925 2486 Ritus
1992 2398 2377 2485 Sinenses
2439 2398 2867 2486 editarum
2939 2416 3361 2487 reservata
3443 2407 3787 2516 insuper

653 2522 740 2605 S.
804 2523 894 2607 S.
963 2538 1044 2604 et
1101 2522 1311 2610 Sedi
1368 2519 1914 2636 Apostolicae
1965 2515 2400 2634 facultate
2478 2519 2922 2634 aperiendi
2955 2519 3367 2639 fidelibus
3434 2511 3788 2608 illarum

639 2647 1028 2754 partium
1094 2660 1458 2731 mentem
1518 2670 1763 2730 suam
1822 2667 2074 2752 super
2138 2643 2382 2732 rebus
2447 2638 2934 2760 hujusmodi
2994 2644 3446 2730 materiam
3522 2646 3786 2755 respit

648 2764 1094 2851 cientibus·
1130 2759 1139 2768 ’

1010 2995 2031 3126 CLEMENS
2159 2999 2716 3118 PAPA
2839 2999 3182 3118 XII.

1337 3249 1493 3340 Ad
1534 3272 2034 3371 perpetuam
2098 3255 2232 3338 rei
2296 3253 2835 3341 memoriam.

536 3390 1159 3607 Apostolicae
1208 3489 1755 3581 solicitudinis
1805 3497 2045 3581 nobis
2096 3490 2498 3580 divinitus
2549 3489 3025 3579 commissae
3065 3492 3270 3576 ratio
3319 3522 3470 3577 nos
3507 3488 3787 3576 admo·
3810 3539 4174 3611 Praemium

415 3633 620 3715 net,
682 3636 774 3700 ut
857 3646 946 3701 ea
986 3677 1010 3722 ,
1075 3647 1288 3735 quae
1340 3613 1858 3702 Christianae
1944 3615 2393 3726 Religionis
2444 3676 2468 3721 ,
2535 3609 3183 3727 Catholicaeque
3235 3608 3431 3697 fidei
3475 3703 3480 3706 k
3498 3640 3788 3725 propa-

416 3736 724 3839 gationi
756 3799 784 3844 ‚
850 3767 944 3821 ac
994 3736 1525 3822 incrementis
1592 3746 2124 3853 quacumque
2176 3737 2490 3819 ratione
2539 3732 2931 3817 obsistere
2982 3761 3213 3844 posse
3277 3727 3786 3841 dignoscun-

420 3872 556 3934 tur
602 3915 626 3957 ,
686 3879 1093 3972 quantum
1147 3856 1385 3942 nohis
1434 3885 1531 3941 ex
1581 3856 1747 3941 alto
1797 3852 2284 3943 conceditur
2329 3913 2360 3957 ‚
2427 3849 2795 3942 recidere
2831 3914 2856 3958 ,
2923 3882 3017 3937 ac
3070 3882 3115 3937 e
3165 3848 3441 3938 medio
3491 3852 3784 3939 tollere

418 3970 926 4061 studeamus.
2674 4009 2687 4018 ·

542 4091 607 4192 §-
686 4125 755 4179 1.
828 4095 1049 4181 Cum
1134 4100 1414 4216 itaque
1452 4160 1477 4204 ‚
1540 4099 1755 4183 sicut
1823 4096 1930 4184 ad
1983 4095 2513 4210 Apostolatus
2577 4097 2832 4180 nostri
2908 4094 3288 4178 notitiam
3352 4091 3779 4206 pervenit,
3831 4099 3926 4165 Ex
3954 4104 4170 4191 publi-

419 4216 846 4300 occasione
894 4216 1283 4301 binarum
1327 4217 1931 4329 Epistolarum‚
1999 4250 2203 4336 quas
2254 4216 2707 4302 Pastorales
2759 4237 3099 4318 vocant,
3151 4211 3285 4298 bo.
3327 4242 3485 4295 me.
3527 4211 3597 4294 F
3603 4242 3783 4296 ran·
3809 4193 4066 4353 “⁰⁶⁰5'AE

423 4333 619 4416 cisci
671 4330 876 4418 dum
927 4338 1297 4439 viveret,
1362 4335 1746 4450 Episcopi
1804 4336 2195 4424 Pekinen.
2289 4365 2554 4447 nuper
2604 4332 2977 4421 defuncti
3040 4332 3175 4420 die
3222 4336 3304 4419 6.
3369 4330 3420 4415 J
3431 4332 3570 4417 ulii
3610 4393 3635 4437 ‚
3700 4353 3784 4417 et
3808 4305 4110 4446 {iciom-

426 4453 560 4539 23.
614 4451 1108 4542 Decembris
1158 4458 1355 4540 anni
1411 4456 1660 4570 1733.
1704 4460 1916 4543 circa
1970 4458 2207 4543 Ritus
2259 4457 2645 4542 Sinenses
2695 4453 3103 4543 editarum
3158 4482 3438 4563 graves
3493 4455 3574 4538 in
3629 4450 3792 4542 Im·-
3814 4465 3972 4534 lium
4003 4472 4131 4542 dis.

421 4577 648 4686 perio
705 4576 1092 4661 Sinarum
1144 4578 1357 4661 inter
1408 4576 1933 4690 Apostolicos.
2011 4576 2341 4660 illarum
2396 4579 2751 4691 partium
2822 4574 3379 4657 Missionarios
3465 4594 3792 4659 exortae
3816 4559 4123 4673 cordiae·

420 4690 735 4782 suerint
781 4693 1377 4802 dissensiones,
1445 4727 1657 4815 quae
1710 4698 2006 4784 uberes
2072 4693 2385 4782 fructus
2420 4758 2447 4800 ‚
2512 4728 2719 4815 quos
2770 4717 3040 4779 sancta
3097 4714 3359 4778 mater
3419 4693 3794 4779 Ecclesia
3815 4656 4183 4817 3223?

424 4848 516 4902 ex
571 4815 897 4902 assiduo
948 4820 1508 4932 operariorum
1561 4820 1644 4903 in
1701 4817 1926 4905 illam
1977 4818 2144 4928 agri
2176 4816 2597 4902 Dominici
2652 4839 2969 4931 partem
3025 4818 3462 4899 missorum
3514 4813 3793 4899 labore
3818 4851 4077 4905 exortae

420 4939 958 5050 praestolatur
996 5000 1021 5044 ,
1074 4934 1478 5053 impedire
1517 4998 1542 5042 ,
1606 4960 1750 5023 aut
1801 4939 2097 5024 morari
2150 4958 2508 5049 possent.
3820 4941 3992 4994 ⁸⁰⁰³·

547 5074 611 5171 ς.
681 5090 758 5141 2.
825 5056 996 5144 Nos
1027 5117 1053 5164 ,
1124 5080 1217 5142 ut
1268 5061 1608 5170 pristina
1660 5059 1878 5144 inter
1924 5053 2260 5144 eosdem
2310 5056 2869 5142 Missionarios
2919 5087 3069 5170 pax
3105 5119 3127 5160 ,
3195 5079 3275 5144 et
3327 5056 3794 5140 animorum
3848 5076 3974 5144 Eas
4001 5100 4185 5150 rem.

422 5174 918 5284 concordia,
996 5177 1344 5262 sublatis
1397 5176 1828 5294 quibusvis
1896 5173 2311 5280 dissidiis,
2375 5180 2850 5264 restituatur
2887 5238 2910 5282 ,
2998 5173 3106 5261 de
3166 5198 3641 5291 opportuno
3704 5176 3788 5257 iu
3820 5185 3923 5236 0⁸²
3999 5170 4143 5240 Οἰο-

420 5299 881 5413 praemissis
966 5295 1337 5384 remedio
1400 5293 1838 5410 providere
1903 5297 2341 5402 volentes,
2410 5329 2507 5384 ac
2557 5296 3118 5411 Epistolarum
3189 5290 3797 5411 praedictarum
3824 5282 4021 5329 ‘'¹⁶¹¹“

390 5443 746 5505 tenores
783 5481 809 5525 ,
875 5442 958 5504 et
1006 5419 1159 5504 alia
1215 5447 1796 5535 quaecumque
1860 5418 2105 5502 etiam
2160 5415 2632 5531 specificam
2664 5480 2686 5524 ‚
2745 5440 2828 5507 et
2878 5414 3394 5502 individuam
3446 5416 3800 5499 mentio-

421 5567 612 5624 nem
664 5601 692 5644 ,
757 5562 842 5627 et
891 5541 1494 5653 expressionem
1579 5539 2075 5655 requirentia
2110 5599 2133 5642 ,
2202 5538 2773 5650 praesentibus
2822 5567 2973 5650 pro
3033 5534 3281 5648 plene
3317 5600 3341 5643 ,
3422 5558 3508 5621 et
3572 5533 3798 5623 suffi-

421 5659 737 5748 cienter
790 5664 1178 5777 expressis
1210 5723 1244 5766 ,
1305 5680 1390 5748 et
1440 5682 1719 5749 exacte
1770 5654 2256 5775 specificatis
2322 5657 2721 5747 habentes
2759 5718 2784 5765 ,
2838 5654 2948 5770 de
2997 5657 3595 5749 nonnullorum
3659 5687 3798 5747 ve-
