4834 6409
1005 492 1107 546 10

996 585 1265 675 dictae
1313 582 1739 672 Ecclesiae
1787 603 2071 702 coepta
2114 648 2141 693 ‚
2203 613 2706 709 prosequuta
2741 656 2764 699 ,
2831 615 2916 681 et
2967 592 3072 680 ad
3121 615 3376 702 eum‚'
3450 598 3535 681 in
3588 622 3758 715 quo
3808 599 4374 714 conspiciebaae'

995 729 1134 794 tur
1168 772 1192 816 ,
1246 725 1549 793 statum
1597 704 2000 821 producta
2053 705 2370 795 fuerat:
2441 713 2558 796 Et
2614 716 2702 802 in
2753 713 3043 802 eadem
3082 719 3586 833 expositione
3620 715 4098 832 subjuncto,
4137 719 4382 838 quod-

996 826 1420 942 praedicta
1472 825 2027 939 Congregatio
2070 827 2659 944 Hispaniarum
2698 887 2726 941 ,-
2777 861 2997 952 quae
3042 837 3199 921 sub
3253 841 3497 921 unius
3533 836 3893 922 Ministri
3940 837 4411 926 Generalis

996 947 1321 1054 Nobis,
1391 979 1486 1033 ac
1538 944 1807 1033 dictae
1863 945 2053 1036 Sedi
2108 946 2533 1061 dumtaxat
2581 955 2942 1068 subjecti
2992 955 3461 1043 obedientia
3492 1020 3516 1063 ,
3581 979 3665 1042 et
3713 957 4118 1068 gubernio
4170 962 4380 1071 regi-

998 1092 1135 1153 tur
1163 1132 1185 1175 ,
1253 1098 1425 1153 non
1475 1065 1934 1155 mediocres
1969 1134 2001 1172 ,
2062 1068 2614 1160 benedicente
2662 1074 3030 1160 Domino
3061 1133 3093 1180 ,
3155 1107 3624 1191 progressus
3660 1074 3966 1163 fecerat
4001 1141 4029 1185 ,
4092 1111 4187 1165 ac
4232 1109 4375 1164 ne-

994 1186 1198 1273 dum
1249 1192 1336 1273 in
1394 1186 1695 1297 Regnis
1747 1187 2332 1299 Hispaniarum
2365 1257 2389 1301 ‚
2456 1217 2538 1279 et
2579 1193 2873 1300 Italia,
2936 1193 3082 1280 sed
3138 1199 3381 1283 etiam
3431 1199 3517 1280 in
3555 1199 3938 1302 -Austria,
4005 1196 4389 1309 Hunga-⁵

992 1311 1112 1395 ria
1156 1372 1183 1421 ‚
1243 1330 1329 1395 et
1361 1305 1752 1392 Bohemia
1787 1369 1813 1414 ,
1876 1308 2470 1422 Transylvania
2507 1363 2530 1419 5
2588 1313 2931 1400 Polonia
2968 1369 2996 1419 5
3060 1313 3532 1429 Lythuania
3568 1379 3602 1419 ,
3648 1346 3744 1414 ac
3784 1319 4228 1403 novissime
4279 1320 4374 1401 in

998 1425 1556 1538 Portngalliae
1601 1425 1903 1538 Regnis
1968 1427 2317 1546 feliciter
2371 1453 2814 1548 propagata
2896 1431 3166 1520 fuerat
3214 1471 3238 1546 3
3322 1436 3652 1522 Fratres
3732 1465 3934 1521 vero
3993 1435 4375 1551 ejusdem

999 1546 1681 1660 Congregationis
1730 1544 2066 1668 aliquod
2119 1546 2633 1662 Collegium,
2699 1585 2845 1640 seu
2891 1557 3449 1641 Seminarium
3483 1617 3520 1659 ‚
3567 1552 3795 1674 quod
3824 1560 4203 1641 omnium
4241 1586 4378 1642 ea·

1001 1688 1191 1753 rum
1238 1667 1690 1753 Nationum
1741 1729 1765 1772 ‚
1831 1670 1915 1752 in
1970 1667 2278 1786 quibus
2329 1672 2481 1757 illa
2559 1678 2727 1787 jam
2802 1696 3244 1787 propagata
3283 1675 3878 1798 -reperiebatur
3910 1737 3935 1781 ‚
4016 1702 4378 1794 eamque

998 1789 1088 1873 in
1122 1810 1543 1906 posterum
1593 1792 2019 1902 propagari
2073 1792 2527 1900 contigeret
2555 1857 2588 1895 ,
2648 1793 2904 1905 ipsius
2950 1793 3629 1905 congregationis
3668 1793 4098 1906 Religiosis
4145 1825 4374 1882 com·

1008 1938 1266 2010 mune
1314 1905 1524 1993 foret
1557 1970 1588 2010 ,
1658 1909 1744 1990 in
1793 1907 2034 1994 Urbe
2081 1909 2495 2023 praedicta
2546 1910 2857 1998 habere
2905 1913 3362 2027 plurimum
3410 1910 4178 2030 desiderabant2-ut
4226 1909 4368 1998 de-

1004 2028 1381 2114 lectiores
1429 2057 1525 2112 ex
1588 2029 1704 2111 eis
1750 2031 2101 2141 juvenes
2146 2061 2187 2113 a
2238 2061 2396 2142 pro
2438 2052 2812 2143 tempore
2862 2035 3260 2119 existente
3309 2032 3690 2117 Ministro
3770 2032 4160 2119 Generali
4240 2030 4368 2116 di-

1007 2170 1186 2234 ctae
1235 2146 1917 2258 Congregationis
1963 2149 2140 2233 illic
2186 2148 2646 2236 collocandi
2684 2215 2722 2255 ,
2787 2183 2893 2237 eo
2927 2202 2936 2210 ·
2965 2155 3222 2262 magis
3265 2150 3581 2238 habiles
3610 2215 3633 2258 ,
3700 2175 3785 2238 et
3835 2149 4114 2238 idonei
4182 2148 4368 2238 red-

1013 2263 1416 2354 derentur
1480 2263 1586 2350 ad
1646 2264 2077 2353 obeundas
2123 2267 2559 2368 Missiones
2595 2334 2622 2377 ‚
2684 2302 2888 2386 quas
2935 2268 3190 2356 iidem
3241 2271 3565 2356 Fratres
3601 2333 3626 2377 ,
3667 2293 3873 2356 tam
3934 2276 4019 2355 iu
4073 2270 4370 2383 Regio-

1011 2389 1267 2473 nibus
1314 2386 2141 2499 Septentrionalibus‚
2203 2392 2289 2472 in
2341 2390 2646 2508 quibus
2674 2390 3168 2477 Conventus
3233 2389 3549 2475 habent
3617 2390 4070 2476 Haereticis
4119 2453 4145 2497 ‚
4228 2399 4383 2475 aut

1012 2504 1512 2593 Infidelibus
1567 2502 2175 2612 circumdatos,
2238 2539 2383 2594 seu
2436 2512 2985 2596 conterminos
3021 2568 3046 2614 ‚
3112 2540 3363 2627 quam
3415 2508 3565 2592 ubi
3631 2512 3713 2594 in
3768 2510 4216 2614 TurcicaS,
4273 2530 4380 2595 et

1009 2625 1477 2741 Scythicas,
1541 2624 1907 2742 aliasque
1950 2624 2432 2713 eorumdem
2484 2628 2961 2715 Infidelium
3018 2653 3283 2744 partes
3335 2625 3441 2714 a'd
3491 2659 3698 2742 opus
3752 2626 4380 2741 Redemptionis

1001 2743 1545 2861 Captivorum
1604 2745 2055 2860 pergebant
2107 2809 2133 2853 ‚
2210 2744 2481 2835 facere
2547 2773 3148 2835 consueverant
3198 2782 3224 2832 t
3305 2752 3435 2833 Ac
3497 2744 3849 2862 proinde
3917 2778 4068 2860 pro
4138 2769 4376 2859 parte

999 2869 1254 2980 ipsius
1305 2866 1871 2950 Procuratoris
1920 2866 2348 2951 Generalis
2400 2867 2667 2952 Nobis
2710 2870 3176 2983 supplicato
3209 2932 3234 2974 ,
3314 2889 3415 2951 ut
3488 2864 3995 2978 praedictam
4077 2866 4382 2950 Eccle-

1006 2987 1207 3070 siam
1262 2985 1559 3069 Beatae
1609 2982 1923 3070 Mariae
1966 2985 2335 3096 Virginis
2363 3018 2575 3072 cum
2625 2990 2850 3072 illius
2901 2988 3145 3074 rebus
3182 3047 3207 3090 ‚
3272 2987 3562 3091 bonis,
3629 3010 3713 3072 et
3763 2988 4153 3073 oneribus
4190 2986 4384 3068 uni·

1009 3107 1273 3192 versis.
1315 3102 1749 3189 Fratribus
1794 3100 2062 3189 dictae
2114 3103 2793 3217 Congregationis
2823 3163 2848 3214 ,
2914 3105 3019 3191 ad
3069 3105 3465 3192 effectum
3521 3107 3727 3190 inibi
3772 3103 4141 3215 erigendi
4181 3103 4388 3188 Col-

1008 3225 1317 3336 legium
1352 3287 1384 3330 ,
1444 3254 1591 3309 seu
1643 3223 2194 3308 Seminarium
2258 3226 2826 3335 Apostolicum
2890 3226 3597 3312 Missionariorum
3667 3221 4148 3338 hujusmodi
4217 3223 4384 3307 sub

1009 3341 1635 3430 conditionibus
1691 3341 1957 3426 Nobis
1997 3342 2406 3429 benevisis
2440 3409 2465 3451 ,
2530 3370 2615 3431 et
2661 3344 2859 3431 huic
2912 3349 3027 3431 rei
3082 3349 3336 3456 magis
3386 3341 4024 3450 accommodatis
4078 3371 4377 3426 conce-

1006 3460 1213 3550 dere
1256 3462 1367 3550 de
1416 3463 1926 3573 benignitate
1958 3465 2404 3575 apostolica
2459 3462 3009 3576 dignaremur.
3079 3465 3252 3549 Nos
3287 3464 3746 3577 supplicem
3787 3462 4170 3548 libellum
4205 3458 4378 3544 No·

1007 3583 1144 3668 bis
1191 3580 1541 3697 desuper
1590 3589 2057 3696 porrectum
2104 3581 2438 3668 Dilecto
2501 3586 2714 3669 Filio
2775 3586 3078 3670 Nostro
3141 3583 3440 3668 Joanni
3510 3582 3964 3667 Dominico
4028 3583 4384 3666 Sanctae

1015 3701 1440 3788 Romanae
1482 3701 1902 3787 Ecclesiae
1954 3698 2417 3815 praedictae
2470 3701 2893 3790 Cardinali
2947 3704 3455 3790 Paracciano
3518 3724 4000 3815 nuncupato
4070 3698 4383 3786 Nostro

1011 3824 1098 3907 in
1150 3821 1393 3907 Urbe
1425 3884 1455 3928 ,
1517 3844 1598 3907 et
1658 3818 2036 3904 districtu
2101 3819 2540 3934 praedictis
2581 3823 2920 3911 Vicario
2964 3826 3070 3908 in'
3101 3822 3662 3937 spiritualibus
3714 3821 4106 3940 Generali
4138 3881 4170 3926 ,
4232 3851 4378 3905 cu-

1014 3946 1155 4058 jus.
1195 3964 1690 4026 =consensum
1742 3937 1967 4024 idem
2020 3939 2515 4026 Procurator
2562 3937 2994 4030 Generalis
3039 3939 3140 4028 ad
3180 3941 3381 4028 haec
3420 3973 3755 4059 quoque
3807 3941 4376 4059 requisiverat,

1013 4064 1475 4148 remisimus
1528 4122 1551 4164 ,
1617 4061 1763 4177 qui
1841 4055 2191 4171 provide
2261 4059 2800 4147 considerans
2841 4094 3003 4178 ¹per
3065 4060 3476 4176 ejusmodi
3539 4064 4150 4148 concessionem
4204 4090 4372 4143 non

1012 4178 1269 4265 modo
1318 4182 1620 4277 statui,
1686 4175 2170 4291 perfectioni
2222 4242 2252 4285 ,
2311 4204 2414 4266 et·
2468 4184 3084 4267 man'utentioni‘
3160 4178 3529 4266 fabricae·
3597 4180 3866 4267 dictae
3957 4181 4382 4265 Ecclesiae

1017 4301 1317 4385 Beatae
1372 4299 1687 4382 Mariae
1736 4298 2148 4407 Virginis,
2202 4324 2418 4416 quae
2466 4299 2741 4387 adhuc
2777 4299 3256 4414 imperfecta
3289 4304 3689 4414 reperitur
3721 4365 3769 4408 ,.
3797 4302 4104 4417 vixque
4154 4299 4382 4404 alias,

1004 4421 1493 4531 praesertim
1558 4413 1627 4501 si
1676 4418 2219 4532 elemosynae
2262 4418 2697 4525 deessent,
2763 4421 3078 4505 abmtvi
3126 4429 3397 4535 'posset
3437 4421 3556 4503 -ob
3606 4451 3887 4530 graves
3909 4482 3954 4525 -,
4010 4448 4222 4535 quae
4274 4414 4378 4501 ad

1019 4536 1112 4623 i'd
1166 4541 1607 4649 exiguntur
1659 4567 2121 4649 expensae,
2180 4539 2494 4652 quibus
2541 4561 2864 4624 tenues·
2919 4542 3148 4624 illius.
3209 4537 3580 4624 redditus
3652 4570 4056 4657 nusquam
4144 4566 4386 4651 pares

1005 4689 1197 4743 esse
1247 4679 1584 4771 possunt
1613 4719 1646 4762 ,
1701 4659 2127 4770 provisum
2174 4659 2323 4762 iri,
2368 4655 2518 4743 sed
2545 4682 2640 4743 et·
2681 4656 2984 4745 Sedem
3022 4656 3536 4772 'praedictam
3587 4663 3909 4773 copiam
3940 4720 3968 4763 ‚
4021 4680 4106 4742 et
4157 4686 4376 4740 com·

1014 4775 1501 4863 modi-tatem
1565 4775 2168 4887 Religiosorum
2219 4775 2322 4862 ad
2376 4780 2672 4864 Sacras
2711 4775 3676 4883 *Missioneslta.biliu'm‚.‚
3762 4810 3972 4895 quos
4019 4778 4373 4892 quoties,

1015 4920 1676 5014 'etquocumque
1721 4927 1929 5008 opus
1980 4891 2279 5001 fuerit,
2351 4898 2543 4984 eive
2584 4898 2922 4987 libuerit
2958 4960 2991 5004 ,
3048 4895 3153 4981 ad
3214 4895 3547 4984 easdem·
3602 4900 4046 4986 Missiones
4101 4925 4377 4980 aman·-

1024 5016 1227 5102 d'are
1270 5019 1568 5130 poterit
1616 5079 1655 5119 ,
1716 5018 1806 5101 in
1854 5012 2149 5099 eadem
2199 5016 2440 5103 Urbe
2485 5013 2958 5102 habituram
3001 5014 3299 5122 staret„
3355 5049 3460 5103 ac·
3527 5014 3877 5103 demum
3937 5017 4382 5100 maximam

1020 5137 1461 5223 animabus
1506 5138 2301 5222 circumvicinorum
2346 5136 2896 5243 vinitor-um,
2953 5136 3608 5241 Fornariorum.,
3668 5137 4194 5250 aliorumque·
4225 5136 4383 5218 Ac·

1022 5256 1389 5342 colatum
1428 5320 1461 5362 ,
1523 5276 1817 5367 utpote
1860 5258 2006 5373 qui
2061 5257 2151 5338 in
2198 5256 2764 5369 spiritualibus
2783 5250 3098 5342 *eorum
3147 5254 3688 5367 indigentiis,
3760 5279 3845 5341 et
3910 5256 4387 5340 Sacramen-

1008 5383 1304 5460 'torum-
1361 5375 2171 5462 administratione·a
2211 5375 2466 5462 dictis
2509 5376 2945 5463 Fratribus
2987 5377 3158 5462 tam·
3205 5379 3297 5460 in
3343 5378 3518 5464 vita
3549 5439 3572 5482 ,
3641 5406 3899 5493 quam
3947 5376 4041 5457 in
4089 5391 4383 5476 morte,

1001 5516 1334 5581 ‘attenta
1378 5496 1863 5607 praesertim
1910 5523 2209 5582 eorum
2253 5529 2303 5581 a
2330 5493 3081 5584 ·dicta-··Parochiali
3109 5495 3506 5583 Ecclesia
3565 5493 3954 5582 distantia
4000 5554 4040 5600 5.
4089 5489 4388 5608 3multi-

999 5616 1355 5732 pliciter·
1392 5618 1665 5733 juvari
1700 5637 2112 5731 poterunt
2154 5678 2193 5726 a
2249 5634 2844 5737 proventuram
2895 5648 3080 5707 esse
3133 5616 3651 5706 utilitatem:
3682 5637 3889 5738 post
3916 5642 4098 5705 rem
4129 5630 4388 5740 totam
