4834 6409
1148 490 1187 513 κ,

1373 576 1379 581 .
1970 568 1984 585 ..
3567 491 3727 585 281

356 642 448 728 bi
511 637 704 756 ipsis
741 697 766 742 ,
844 654 992 723 aut
1046 649 1369 719 vestrae
1413 624 1873 740 respective
1933 622 2344 736 Religioni
2383 685 2409 731 ,
2447 688 2455 699 .
2496 616 2860 717 ordini,
2921 616 3618 747 congregationi}
3658 645 3746 710 et

361 761 750 853 Societati
800 759 1049 858 etiam
1097 750 1296 837 Jesu
1343 748 1807 865 specialiter.
1881 768 2023 835 aut
2087 746 2574 857 generaliter
2628 778 2674 833 a
2734 743 3058 850 Nobis,
3135 765 3220 830 et
3278 738 3749 831 a'Praede*

369 878 828 972 cessoribus
883 874 1176 973 nostris
1222 898 1774 990 quacumque
1848 898 1947 957 ex
1996 898 2237 955 causa
2300 869 2746 953 concessis.
2799 864 3286 951 Jutamenta
3333 862 3753 979 praedicta

236 1050 240 1055 ·
366 999 827 1093 saeculares
888 990 1447 1095 Missionarios
1511 1018 1791 1076 coram
1867 987 2284 1079 Locorum
2369 984 2896 1090 ordinariis,
2967 985 3424 1097 Re‘gulares‘
3474 994 3757 1072 coram

341 1104 1011 1236 'SuperioribuQ
1074 1112 1214 1198 vel
1266 1110 1767 1224 Apostolicis
1816 1107 2170 1194 Vicariis
2232 1133 2641 1220 praestare
2701 1103 3330 1193 demandamus.
3378 1105 3758 1192 Vicarios

374 1272 576 1328 vero
631 1243 905 1354 ipsos,
971 1257 1054 1320 et
1126 1233 1603 1346 Superiores
1667 1229 1751 1313 in
1817 1226 2202 1317 manibus
2269 1227 2904 1342 Episcoporum.
2973 1225 3154 1312 Nec
3221 1220 3758 1313 eademztaass-

377 1383 585 1453 tum,
623 1358 881 1447 verbo
941 1349 1362 1470 proferre,
1412 1346 1557 1437 sed
1605 1352 1910 1463 scripto
1970 1352 2193 1464 juxta
2277 1347 2630 1434 formam
2679 1376 2829 1463 per
2887 1346 3061 1435 Nos
3109 1349 3694 1463 praescriptam
3727 1406 3764 1453 ,

377 1504 459 1567 et
509 1475 718 1564 infra
770 1470 1328 1562 adnotandam
1368 1534 1410 1579 ‚‚
1480 1500 1578 1556 ac
1642 1472 1971 1586 propria
2055 1469 2840 1580 manu‘subsignare
2902 1470 3351 1585 teneamini
3415 1469 3575 1553 sub
3626 1469 3770 1553 iis·.

375 1598 570 1687 dem
636 1600 1067 1699 censuris,
1120 1616 1239 1679 -et
1316 1593 1625 1708 poe-niS.
1691 1590 1876 1677 Hoc
1958 1592 2205 1675 etiam
2285 1593 2850 1704 juramentum
2928 1587 3528 1703 praestandum
3584 1584 3782 1677 fore?

378 1700 870 1821 mandamus
907 1779 932 1821 ,
1013 1747 1107 1798 ac
1163 1715 1661 1828 requirimus
1736 1710 1843 1797 ab
1896 1710 2057 1794 illis
2091 1771 2117 1817 ,
2172 1714 2320 1826 qui
2370 1707 2477 1794 ad
2527 1710 3020 1824 Episcopale
3068 1740 3388 1797 munus·
3443 1708 3554 1820 ab
3604 1715 3772 1795 hac

386 1844 683 1926 Sancta
738 1834 953 1923 Sede
1021 1834 1486 1947 promoveri
1550 1832 2002 1919 meruerint
2039 1892 2064 1937 ,
2148 1831 2286 1917 'vel
2339 1833 2702 1945 ipsomet.
2772 1825 2963 1934 die,
3017 1833 3328 1949 quoin
3377 1828 3772 1917 manibus
3839 1885 3854 1889 -
3929 1860 3935 1867 ·

392 1960 998 2074 Episcoporum
1076 1953 1532 2039 solemnem
1616 1953 1989 2047 omissuri,
2077 1972 2324 2037 erunt
2423 1948 2664 2040 Fidei
2736 1948 3392 2063 professionem,
3459 1950 3771 2037 ‘irelin
3813 2014 3858 2021 ᾖ

391 2104 583 2167 actu
646 2108 932 2164 eorum
1011 2074 1673 2160 consecrationis.
1765 2072 2153 2180 Quorum
2237 2076 2898 2190 juramentorum
2973 2071 3449 2181 subsignata
3501 2086 3782 2156 'exem-1
3847 2073 3851 2077 ⁴

388 2201 645 2317 plaria
684 2260 711 2304 ‚
781 2197 1061 2283 relicta
1126 2190 1370 2281 isthic
1443 2195 1525 2276 in
1579 2191 1994 2278 Archiviis
2034 2191 2556 2279 :authentica
2626 2193 2860 2305 copia
2912 2254 2937 2299 ,
3004 2189 3109 2278 ad
3188 2190 3780 2304 Con'gregatio·

394 2312 748 2431 nem-de
798 2310 1333 2430 Propaganda
1382 2310 1592 2398 Fide
1642 2344 1790 2427 per
1863 2313 2310 2427 Episcopos
2346 2373 2372 2419 ,
2455 2330 2538 2398 et
2601 2310 3077 2422 Superiores
3146 2312 3590 2423 Regulares
3657 2341 3779 2398 re-

397 2441 762 2553 spective
817 2435 1254 2522 transmitti
1299 2434 1740 2540 volumus,
1791 2467 1835 2518 a
1888 2465 2050 2551 qua
2102 2430 2209 2527 ad
2260 2433 2487 2521 ill-am
2540 2431 2620 2518 S.
2674 2428 2961 2531 Officii
3012 2435 3543 2525 remittantur
3579 2490 3606 2536 ‚
3687 2452 3788 2516 ut

399 2565 565 2647 sint
627 2557 1001 2674 obsequii
1049 2584 1241 2667 erga
1289 2553 1513 2659 Nos,
1574 2577 2051 2672 nostrasque
2112 2554 2558 2666 jussiones»,
2623 2554 3056 2664 puritatis,
3119 2552 3788 2671 integritatisque

403 2674 643 2765 Fidei
717 2700 1056 2765 vestrae.
1108 2694 1678 2763 monumenta.
1775 2672 1906 2760 Ne
1965 2702 2167 2759 vero
2246 2680 2446 2758 tam*
2519 2672 2988 2758 Literarum
3074 2695 3540 2760 nostrarum
3625 2670 3787 2757 sub

404 2795 823 2915 praedicta
860 2793 1025 2881 'die
1078 2799 1219 2903 24.
1268 2794 1628 2907 Augusti
1706 2794 1953 2908 1734.
2004 2822 2259 2914 quam
2342 2782 2900 2908 praesentium
2959 2794 3180 2881 ullus
3241 2794 3796 2904 ignorantiam

406 2919 756 3030 allegare
805 2915 1075 3003 valeat
1108 2976 1137 3019 ‚
1184 2912 1613 2999 hortamur
1676 2913 2260 3000 Fraternitates
2314 2937 2670 3020 vestras,
2723 2943 2818 2998 ac
2871 2917 2956 3001 in
3013 2913 3384 2999 Domino
3433 2913 3806 2999 obtesta-.

310 3102 315 3111 .
408 3069 659 3141 mur,
745 3059 834 3119 ut
885 3063 1055 3152 quo
1115 3036 1479 3149 primum
1531 3033 1761 3138 illas,
1846 3060 2098 3152 atque
2143 3057 2614 3149 praesentes
2679 3036 3147 3149 receperitis
3186 3096 3214 3143 ‚
3301 3039 3578 3121 statim
3641 3063 3798 3145 pu·

420 3156 730 3241 blicare
782 3151 1147 3260 firmatis,
1201 3184 1296 3239 ac
1347 3150 1452 3239 ad
1498 3154 1867 3265 'singulos
1917 3156 2476 3242 Missionarios
2512 3218 2536 3259 ‚
2592 3156 2764 3243 sive
2822 3156 3296 3243 Saeculares
3331 3217 3357 3262 ‚
3411 3157 3585 3241 sive
3638 3151 3799 3239 Re·

416 3277 738 3385 gulares
788 3271 1150 3379 fuerint,
1238 3274 1396 3359 sub
1441 3297 1709 3383 vestra
1763 3276 2215 3388 respective
2261 3273 2838 3389 jurisdictione
2924 3272 3320 3387 degentes
3356 3337 3382 3382 ,
3466 3271 3802 3362 easdem

426 3395 1013 3485 transmittatis.
1070 3393 1256 3480 Hoc
1308 3396 1576 3508 ipsum
1639 3398 2191 3510 praecipimus
2241 3396 2736 3509 Apostolicis
2790 3394 3133 3483 Vicariis
3170 3460 3197 3502 ‚
3250 3396 3596 3513 aliisque
3647 3393 3810 3480 Re·

423 3515 835 3627 gularium
891 3514 1496 3626 Superioribus.
1551 3512 2258 3604 contrafacientes
2293 3577 2317 3620 ‚
2372 3515 2508 3609 vel
2559 3516 3066 3628 negligentes
3111 3516 3628 3604 declaramus
3675 3517 3808 3600 in-

428 3666 761 3729 currere
810 3637 986 3747 ipso
1035 3630 1255 3721 facto
1319 3665 1674 3748 poenam
1740 3637 2295 3751 suspensionis
2374 3632 3648 3742 ab·exercitio·Pontificaliom,—
3722 3645 3823 3723 et'

433 3753 1017 3861 Interdictiab
1087 3756 1453 3867 ingressu
1502 3756 1987 3866 Ecclesiae3
2068 3756 2512 3865 Regulares
2576 3779 2876 3845 autem.
2937 3758 3826 3865 excommunicationis.

431 3874 645 3967 latae
694 3876 1152 3987 sententiae
1187 3939 1216 3977 ‚
1264 3877 1747 3990 privationis
1811 3873 2307 3969 Officiorum
2342 3937 2368 3982 ‚
2437 3898 2522 3965 et
2568 3882 2796 3967 vocis
2847 3881 3163 3967 activae
3194 3883 3361 3984 ,et
3409 3881 3808 3993 passivae.

555 3994 948 4105 Bormula
998 4017 1277 4083 autem
1328 3998 1771 4109 juramenti
1820 4061 1844 4102 ,
1912 4000 2127 4083 sicut
2200 3999 2812 4112 praemittitur,
2886 4033 2932 4086 a
2994 4001 3529 4109 Missionariis
3580 4030 3814 4112 prae-

437 4111 710 4198 standi
751 4176 779 4216 ,
829 4136 951 4201 est
1004 4143 1212 4231 quae
1261 4119 1677 4233 sequitur,
1741 4115 2131 4205 videlicet
2181 4159 2239 4192 =
2304 4115 2488 4238 Ego
2537 4116 2658 4207 N'.
2705 4117 3067 4225 ‘Ordinis
3114 4119 3276 4227 N„
3326 4148 3476 4207 sea
3521 4120 3834 4205 'Seciae

439 4236 640 4335 tatis
699 4234 903 4317 Jesu
951 4233 1561 4321 Missionarius
1610 4234 1729 4323 ad
1776 4239 2155 4356 Regnum
2201 4234 2378 4343 Ν.,-
2428 4236 2563 4329 vel
2605 4237 2723 4323 ad
2765 4235 3481 4326 Provinciam·N.
3533 4245 3628 4325 in
3673 4242 3815 4325 In-

440 4349 609 4437 diis
671 4350 1246 4440 Orientalibus
1296 4384 1352 4437 a
1399 4353 1613 4442 Sede
1661 4355 2157 4472 Apostolica
2180 4421 2205 4465 ‚
2293 4357 2427 4455 vel
2469 4390 2526 4445 a
2587 4364 2796 4449 meis
2845 4361 3434 4476 Superioribus
3471 4421 3498 4465 ‚
3539 4350 3822 4477 juxt'ci

413 4470 889 4591 facultates
971 4476 1091 4559 eis
1142 4503 1199 4557 a
1257 4471 1469 4559 Sede
1520 4474 2019 4590 Apostolica
2072 4509 2499 4573 concessas
2538 4541 2562 4584 ‚
2650 4483 2952 4567 missus
2989 4545 3018 4584 ‚
3106 4481 3239 4567 vel
3290 4478 3752 4567 destinatus
3789 4521 3830 4583 ,-

430 4590 817 4710 parendo
857 4612 1306 4708 praecepto
1367 4594 1620 4681 SSffu·
1643 4597 2006 4683 Domini
2048 4595 2353 4687 Nostri
2400 4602 2697 4713 Papae
2739 4602 3193 4691 Clementis
3219 4599 3432 4701 XII.
3475 4632 3632 4717 per
3681 4601 3834 4688 Li·

445 4732 671 4799 teras
718 4710 1255 4828 Apostolicas
1305 4717 1397 4801 in
1413 4714 1720 4831 firma
1768 4718 2061 4807 Brevis
2109 4715 2351 4813 datas
2413 4717 2552 4805 die
2614 4723 2741 4811 13.
2796 4725 3040 4810 Maii
3086 4752 3306 4810 anno
3367 4725 3619 4841 1739.
3675 4729 3822 4808 ins

432 4839 736 4949 juncto
785 4836 1169 4947 omnibus
1244 4836 1373 4922 M
1364 4840 1830 4927 issionariis
1882 4841 1975 4951 in
2046 4836 2297 4937 dietis
2348 4838 2933 4931 ·Missior'zibus
2962 4904 2987 4948 ‚
3061 4842 3555 4957 praestandi
3576 4832 3842 4963 juramr
3935 4916 3945 4925 .

459 4972 833 5038 mentum
867 4953 1256 5066 fideliter
1323 4957 1715 5044 servandi
1761 4957 2388 5074 dispositionem
2435 4960 3018 5075 Apostolicam
3081 4971 3315 5055 circa
3361 4970 3578 5051 ritus
3624 4968 3836 5053 Ma-

462 5069 875 5157 labaricos
926 5071 1043 5155 ad
1071 5072 1451 5184 formam
1500 5079 1991 5165 Literarum
2037 5076 2726 5194 Apostoliearum
2794 5087 2886 5167 in
2917 5081 3221 5199 forma
3271 5087 3564 5171 Brevis
3615 5068 3862 5201 ejus·-x

458 5188 651 5292 dem
700 5188 951 5306 851ᾗί
1001 5193 1358 5277 Domini
1398 5193 1701 5283 Nostri
1740 5197 1882 5284 die
1934 5203 2076 5309 24.
2126 5201 2507 5320 Augusti
2574 5203 2823 5321 1734.
2879 5207 3290 5319 incipient·
3326 5236 3380 5291 π
3439 5206 3836 5317 Comper-

463 5328 647 5413 tum
674 5373 702 5415 ‚
779 5308 1483 5433 exploratumque
1531 5357 1588 5393 =
1638 5319 1848 5403 milzi
1925 5350 2081 5432 per
2127 5324 2300 5407 inte
2357 5352 2548 5407 ram
2611 5321 2986 5440 ejusdem
3031 5326 3353 5415 Brevis
3385 5323 3856 5413 lecturam·

463 5435 776 5546 optime
809 5448 1002 5517 noto
1042 5439 1445 5547 promitto
1474 5499 1498 5540 ‚
1553 5467 1688 5522 me
1723 5437 1975 5550 plene
1999 5502 2023 5544 ‚
2076 5461 2156 5526 et
2180 5442 2269 5559 fi
2372 5436 2573 5530 liter
2612 5448 3104 5556 pariturum
3133 5441 3862 5568 ‚J'llquueaema-'J

470 5570 600 5637 cte
629 5615 652 5660 ,
719 5556 1037 5671 integre
1069 5619 1099 5659 ,
1162 5554 1533 5642 absolute
1557 5621 1589 5664 ,
1650 5574 1731 5645 et
1794 5558 2389 5662 inviolabiliter
2435 5568 3063 5657 observaturum
3091 5628 3114 5670 ,
3166 5584 3248 5651 et
3297 5566 3860 5688 absque1sulla÷

473 5690 680 5793 terge
691 5678 1148 5881 ijsatilolne
1196 5675 1854 5796 adimpleturum
1883 5744 1908 5789 ,
1994 5712 2323 5823 necnon,
2342 5683 2479 5787 ‚ad
2490 5685 2888 5893 forma&
2932 5683 3146 5781 dieti
3189 5688 3498 5781 Brevis.
3529 5692 3862 5783 instrue

803 5825 959 5879 om.
1066 5858 1087 5881 .
1202 5821 1209 5827 ·
2883 5837 2942 5892 n·
