4834 6409
1014 511 1213 582 nam
1273 488 1419 606 qui
1484 488 1845 602 paternis
1890 484 2294 584 hactenus
2341 484 2790 576 humilitati
2859 491 3188 582 nostrae
3239 490 3588 582 vocibus
3664 481 4048 588 reluctati
4123 523 4320 590 sunt
4344 519 4387 611 ,'

1019 610 1285 704 Vobis
1334 609 1724 698 omnibus
1775 641 1944 700 non
1993 608 2248 704 modo
2288 610 2831 724 arguentibus
2862 673 2893 716 ,
2956 611 3580 706 obsecrantibus
3627 677 3652 722 ,
3732 639 3817 704 et
3882 620 4384 736 increpanti·

1017 731 1243 833 hus,
1295 725 1451 818 sed
1485 792 1516 833 ,
1567 752 1652 816 et
1701 728 1805 820 ab
1850 734 2619 824 eorumconsortio
2669 735 2996 846 penitus
3063 734 3668 834 abstinentibus
3706 798 3731 842 ,
3815 727 4314 829 erubescant
4354 806 4381 848 ,

1022 846 1646 944 confundantur
1691 913 1723 956 ,
1798 867 1882 940 et
1952 871 2600 966 convertantur,
2670 849 2982 970 detque
3047 853 3207 942 illis
3285 854 3519 944 Deus
3577 858 4184 970 ‘poenitentiam
4272 860 4381 948 ad

1024 966 1683 1082 cognoscendam
1733 973 2220 1078 veritatem,
2304 994 2424 1062 ut-
2475 969 2939 1062 secundum
2987 973 3549 1089 Apostolicam
3624 973 4087 1065 doctrinam
4160 977 4387 1070 idem

988 1091 1292 1204 ²ipsum
1343 1087 1682 1178 tandem
1730 1088 2120 1182 dicamus
2168 1122 2510 1214 omnes,
2553 1111 2656 1179 'e't
2702 1122 2868 1178 non
2923 1093 3088 1182 sint
3134 1098 3222 1179 in
3270 1092 3534 1179 Nobis
3583 1093 4067 1184 schismataz
4123 1100 4380 1186 simus

1026 1234 1304 1300 autem
1353 1208 1699 1328 perfecti
1758 1212 1844 1295 in
1898 1209 2192 1300 eodem
2241 1242 2528 1317 sensu,
2579 1232 2666 1300 et
2713 1214 2796 1298 in
2852 1207 3144 1300 eadem
3192 1214 3595 1302 sententia
3630 1278 3663 1319 ,
3715 1217 4162 1306 auxiliante
4208 1218 4390 1306 No-

1019 1330 1156 1418 bis
1200 1362 1351 1446 per
1401 1333 1674 1418 omnia
1724 1334 1977 1441 gratia
2037 1330 2380 1418 Domini
2453 1332 2735 1422 Nostri
2795 1329 2996 1421 Jesu
3046 1330 3420 1440 Christi,
3495 1336 3629 1421 cui
3680 1358 3804 1424 est
3878 1335 4150 1424 honor
4184 1400 4212 1445 ,
4291 1362 4379 1428 et

1023 1450 1283 1559 gloria
1333 1452 1421 1535 in·
1472 1451 1819 1540 saecula.
1897 1453 2201 1537 Amen.
2973 1477 2982 1486 ·

645 1583 998 1654 clausulae.
1146 1577 1221 1674 S.
1270 1571 1352 1658 6.
1424 1570 1550 1658 Ut
1594 1592 1872 1658 autem
1922 1593 2389 1687 praesentes
2439 1570 2720 1661 literae
2759 1569 2876 1658 ‘ad
2923 1573 3297 1662 omnium
3348 1569 3808 1668 Fidelium)
3835 1575 4376 1690 quibuscum-

1031 1718 1199 1809 que
1263 1689 1465 1778 locis
1547 1693 2068 1784 existentium
2144 1693 2522 1780 notitiam
2597 1691 2919 1784 facilius
2991 1693 3482 1807 perveniant
3528 1753 3554 1797 ,
3622 1692 4011 1780 volumus
4085 1725 4373 1780 earum

1033 1812 1427 1932 exemplis
1492 1814 1747 1904 etiam
1794 1814 2199 1927 impressis
2234 1875 2259 1920 ,
2329 1833 2586 1900 manu
2633 1812 2988 1925 alicujus
3060 1811 3410 1908 Notarii·
3453 1811 3772 1926 publici
3833 1812 4314 1929 subscriptis
4352 1877 4378 1921 ,

1034 1961 1135 2020 ac
1178 1931 1445 2042 sigillo
1480 1929 1887 2020 Personae
1935 1934 2021 2018 in
2074 1932 2648 2022 Ecclesiastica
2691 1931 3130 2042 Dignitate·
3178 1932 3671 2024 constitutae
3713 1934 4057 2020 munitis
4091 1994 4117 2038 ,
4169 1963 4389 2020 eam·

963 2117 969 2122 -
1034 2046 1230 2155 dem
1277 2069 1606 2165 prorsus
1663 2049 1920 2138 fidem
1995 2052 2279 2146 haberi
2317 2114 2343 2160 ,
2370 2083 2624 2170 =quae
2683 2053 2879 2168 ipsis
2943 2050 3483 2162 originalibus
3549 2051 3798 2144 literis
3882 2049 4327 2142 haberetur
4359 2115 4386 2160 ,

1037 2170 1105 2254 si
1168 2166 1444 2262 forent
1490 2170 1901 2260 exhibitae
1935 2234 1959 2279 ,
2014 2174 2149 2260 vel
2196 2196 2588 2260 ostensae.
2899 2255 2904 2262 .

1038 2355 1049 2364 .
1155 2289 1225 2388 §-
1282 2324 1361 2406 7.
1430 2291 1662 2376 Nulli
1708 2322 1905 2404 ergo
1953 2294 2297 2378 omniuo
2330 2292 2784 2384 ,hominum
2832 2290 3075 2378 liceat
3119 2287 3338 2376 hanc
3388 2290 3770 2404 paginam
3851 2310 4171 2378 nostrae
4235 2287 4378 2377 ad·

1036 2412 1517 2497 monitionis
1550 2473 1576 2516 ,
1636 2408 1945 2517 edicti,
2018 2410 2592 2506 declarationis
2625 2473 2651 2516 ,
2687 2465 2692 2468 -
2732 2411 3215 2498 hortationis
3253 2472 3279 2516 ,
3359 2408 3946 2497 obsecrationis
3983 2473 4008 2517 ,
4075 2432 4161 2497 et
4242 2440 4393 2496 vo·

1036 2527 1378 2620 luntatis
1423 2529 1920 2643 infringere,
1981 2531 2117 2620 vel
2165 2536 2242 2624 ei
2278 2565 2506 2618 ausu
2553 2534 2990 2620 temerario
3037 2530 3466 2615 contraire.
3521 2529 3604 2612 Si
3658 2530 3843 2646 q'uis
3894 2551 4171 2614 autem
4222 2525 4389 2616 hoc

1036 2669 1440 2741 attentare
1488 2654 2156 2769 praesumpserit,
2208 2649 2863 2762 indignationem
2917 2648 3538 2762 omnipotentis
3565 2647 3768 2754 Dei,
3821 2679 3917 2734 ac
3953 2647 4391 2735 Beatorum

1037 2764 1314 2877 Petri,
1382 2792 1466 2855 et
1524 2771 1762 2856 Pauli
1813 2769 2399 2884 Apostolorum
2446 2775 2625 2880 ejus
2672 2801 2759 2860 se
2810 2770 3135 2857 noverit
3179 2770 3735 2854 incursurum.
3875 2800 3881 2807 ·

1153 2884 1472 2973 Datum
1522 2888 1830 2976 Romae
1880 2886 2104 3002 apud
2156 2893 2540 2984 Sanctam
2612 2889 2962 2974 Mariam
3007 2886 3411 2998 Maiorem
3489 2917 3708 2974 anno
3784 2886 4379 2977 Incarnationis

989 3001 1529 3110 ]Dominicae
1574 3007 2031 3106 ‚millesimo
2078 3009 2826 3120 septingentesimo
2854 3005 3178 3093 decimo
3224 3027 3517 3110 octavo
3550 3066 3577 3112 ,
3631 3007 3925 3124 quinto
3975 3002 4389 3095 Kalendas

1038 3122 1588 3240 Septembris,
1640 3124 2189 3214 pontificatus·
2236 3123 2514 3212 Nostri
2580 3157 2801 3212 anno
2863 3124 3194 3214 decimo
3237 3147 3560 3214 octavo.

1239 3487 1789 3575 ·-L1TERAE
1853 3487 2670 3577 APOSTOLICAE
2723 3485 3413 3575 INNOCENTII
3479 3487 3854 3574 PAPAE
3907 3488 4150 3573 XIII.

1097 3734 1364 3819 Breve
1410 3727 1993 3842 Apostolioum
2076 3761 2241 3847 quo
2290 3727 2662 3846 Regulae
2733 3729 3201 3814 Seminarii
3243 3731 3765 3814 Missionum
3837 3728 3924 3814 S.
3978 3730 4333 3815 Mariae

1386 3869 1395 3879 ·
2060 3846 2180 3932 ad
2218 3850 2655 3936 Furnaces
2730 3847 3362 3965 confirmantur.

1286 4005 2845 4260 'INNocE-NTIUS
2960 4082 3480 4199 PAPA
3591 4081 4027 4198 x111.

2027 4333 2181 4421 Ad
2228 4332 2638 4451 futuram
2680 4333 2814 4416 rei
2859 4337 3380 4420 memoriam.

1169 4473 1406 4658 Ad
1469 4571 1899 4658 Pastoralis
1946 4568 2363 4682 dignitatis
2409 4568 2821 4681 fastigium
2875 4593 3021 4687 'per
3082 4568 3591 4672 ineffabilem
3676 4563 4007 4656 divinae
4074 4576 4389 4687 sapien·

1056 4693 1216 4778 tiae
1252 4755 1277 4799 ,
1342 4716 1589 4811 atque
1637 4693 2119 4779 clementiae
2168 4689 2760 4779 abundantiam
2825 4694 3131 4798 evecti,
3196 4692 3333 4777 illa
3368 4751 3395 4797 ,
3461 4718 3671 4806 quae
3727 4691 3882 4800 'pro
3931 4687 4150 4778 felici
4202 4691 4395 4777 Col-

1055 4810 1509 4922 legiorum,
1579 4843 1722 4897 seu
1777 4812 2416 4899 Seminariorum
2452 4873 2476 4917 ,
2528 4811 2616 4894 in
2679 4812 2984 4929 quibus
3037 4811 3416 4921 Religiosi
3479 4806 3587 4893 ad
3635 4804 4190 4896 Christianam
4259 4811 4390 4895 Fi-

1054 4926 1244 5016 dem
1284 4993 1309 5036 ,
1374 4929 2056 5047 catholicamque
2106 4931 2616 5042 Religionem
2665 4927 3275 5047 propagandam
3324 4924 3711 5014 mittendi
3760 4952 4222 5044 opportune
4273 4934 4393 5015 in·

1054 5052 1551 5156 stituantur,
1606 5054 2064 5163 regimine,
2116 5076 2201 5137 et
2258 5049 2713 5137 directione
2757 5048 3102 5165 provide
3151 5050 3649 5152 constituta,
3713 5070 3797 5133 et
3848 5045 4224 5136 ordinata
4275 5081 4392 5137 es-

1052 5200 1139 5255 se
1222 5194 1734 5272 noscuntur,
1801 5200 1993 5289 quo·
2042 5169 2359 5257 firmius
2406 5166 2907 5276 subsistant,
2967 5193 3052 5258 et
3096 5192 3525 5258 serventur
3586 5168 3945 5256 exactius
3979 5230 4004 5274 ,
4071 5194 4385 5285 aposto·

1052 5289 1191 5375 lici
1256 5293 1744 5379 muniminis
1822 5294 2073 5375 nostri
2148 5292 2600 5404 patrocinio
2674 5289 3027 5378 libenter
3101 5289 3743 5379 constabilimus.
3829 5286 4056 5376 Alias
4140 5289 4391 5429 siqui·

1050 5403 1242 5494 dem
1312 5410 1448 5498 fel.
1528 5406 1841 5501 record.
1908 5408 2299 5497 Clemens
2375 5411 2600 5524 Papa
2672 5407 2829 5495 XI.
2916 5408 3499 5501 Praedecessor
3573 5429 3848 5495 noster
3921 5407 4390 5495 Ecclesiam

1050 5525 1348 5628 Beatae
1423 5531 1731 5621 Mariae
1811 5531 2177 5643 Virginis
2239 5527 2344 5618 ad
2414 5529 2822 5619 Fornaces
2884 5561 3140 5651 prope
3174 5593 3200 5640 ,
3265 5551 3349 5618 et
3416 5548 3637 5615 extra
3683 5533 4011 5642 moenia
4073 5525 4386 5636 Urbis,
