4834 6409
3675 502 3786 612 47

410 661 609 721 cum
661 629 881 717 illius
954 625 1252 731 bonis,
1324 624 1648 738 juribus
1684 686 1710 729 ,
1777 643 1861 710 et
1923 619 2316 708 onerssibus
2390 619 2793 709 universis
2854 614 3176 704 dilectis
3242 614 3434 704 filiis
3486 616 3792 705 Fratri-

409 755 571 839 bus
657 746 1001 837 Ordinis
1056 747 1625 834 Sanctissimae
1673 745 2100 829 Trinitatis
2187 740 2807 857 Redemptionis
2871 737 3416 853 Captivorum
3481 738 3788 827 Excal-

414 874 662 968 ceatis
731 868 1227 981 nuncupatis
1277 864 1960 978 Congregationis
2022 861 2651 979 Hispaniarum,
2721 857 2827 945 ad
2867 856 3262 946 effectum
3317 858 3525 960 inibi
3581 857 3784 946 Col-

416 995 729 1103 legium
759 1051 784 1095 ,
849 1019 996 1075 seu
1063 986 1614 1073 Seminarium
1695 983 2270 1098 Apostolicum
2346 982 3054 1069 Missionariorum
3130 1011 3279 1095 pro
3347 978 3779 1092 Religiosis

421 1112 695 1209 dictae
776 1108 1450 1219 Congregationis
1526 1100 1955 1217 erigendi,
2020 1128 2102 1191 ct
2153 1100 2640 1190 instituendi
2703 1123 3106 1218 perpetuo
3165 1104 3567 1188 concessit
3601 1163 3625 1207 ,
3697 1121 3783 1189 et

418 1231 911 1343 assignavit,
973 1226 1131 1311 sub
1179 1223 1519 1316 diversis
1585 1250 1860 1312 tamen
1928 1220 2549 1312 conditionibus
2597 1256 2645 1308 a
2695 1221 2891 1308 bon.
2947 1252 3189 1308 mem.
3241 1220 3563 1308 Joanne
3608 1219 3788 1308 Do-

422 1353 728 1436 minico
792 1349 1140 1434 Sanctae
1188 1346 1609 1433 Romanae
1690 1345 2116 1432 Ecclesiae
2179 1342 2608 1431 Cardinali
2684 1341 3181 1428 Paracciano
3232 1365 3781 1456 nuncupatO,

421 1467 625 1555 dum
695 1470 900 1557 vixit
947 1470 1031 1550 in
1080 1464 1379 1553 eadem
1455 1467 1695 1554 Urbe
1743 1529 1769 1573 ,
1834 1489 1918 1552 et
1966 1468 2146 1582 ejus
2206 1462 2591 1550 districtu
2667 1461 2998 1550 Vicario
3076 1463 3166 1547 in
3217 1462 3784 1576 spiritualibus

420 1589 821 1701 generali,
889 1584 1179 1673 iisdem
1233 1586 1659 1672 Fratribus
1719 1586 2291 1701 praescriptis,
2358 1606 2444 1671 et
2523 1583 2630 1671 ab
2681 1580 2988 1672 eodem·
3044 1579 3484 1670 Clemente
3541 1579 3788 1670 Prae·

424 1709 849 1796 decessore
903 1706 1426 1823 approbatis:
1499 1710 1626 1792 Ac
1674 1708 2171 1821 praecipue,
2235 1701 2465 1822 quod
2515 1727 2682 1792 tam
2746 1702 3268 1815 Collegium,
3328 1731 3493 1790 seu⁴
3528 1702 3787 1789 Semi-

370 1849 377 1857 ·
424 1831 750 1915 narium
800 1831 915 1914 sic
982 1824 1465 1937 erigendum
1505 1889 1530 1933 ,
1612 1858 1863 1945 quam
1912 1824 2407 1911 Missionar‘ii
2474 1822 2877 1941 praedicti
2927 1823 3572 1936 Congregationi
3614 1821 3793 1911 Ve-

424 1948 918 2035 nerabilium
986 1946 1374 2031 Fratrum
1438 1970 1903 2032 nostrorum
1941 2007 1966 2051 ,
2031 1968 2236 2032 tunc
2312 1975 2657 2032 suorum
2695 2007 2721 2054 ‚
2785 1941 3160 2061 ejusdem
3222 1946 3570 2030 Sanctae
3620 1941 3784 2029 Ro-

423 2100 717 2156 manae
780 2067 1203 2154 Ecclesiae
1250 2064 1824 2153 Cardinalium
1887 2067 2236 2178 negotiis
2310 2063 2898 2180 Propagandae
2973 2062 3214 2151 Fidei
3277 2064 3785 2179 praepositae

429 2191 517 2273 in
598 2188 988 2273 omnibus
1023 2248 1049 2293 ,
1113 2210 1197 2272 et
1254 2217 1404 2300 per
1463 2190 1740 2272 omnia
1803 2184 1908 2271 ad
1976 2188 2231 2270 instar
2290 2185 2643 2273 aliorum
2709 2188 3108 2272 similium
3158 2182 3724 2296 Collegiorum
3760 2249 3791 2294 ,

428 2340 579 2394 seu
644 2308 1292 2393 Seminariorum
1365 2308 2068 2393 Missionariorum
2114 2304 2653 2417 ⁴Regulam-ium
2693 2371 2726 2412 ,
2788 2336 3089 2420 nempe
3153 2308 3236 2390 in
3295 2305 3572 2390 Sancti
3641 2305 3790 2392 Pe·

429 2431 534 2510 tri
590 2430 671 2512 in
724 2425 1011 2513 Monte
1101 2426 1375 2512 Aureo
1438 2424 1783 2513 Ordinis
1853 2426 2239 2511 Fratrum
2312 2426 2742 2513 Minorum
2823 2426 3107 2512 Sancti
3195 2424 3618 2511 Francisci
3679 2422 3790 2515 de

437 2545 984 2635 Observantia
1061 2547 1306 2632 etiam
1395 2568 2123 2660 nuncupatorum,
2191 2544 2774 2634 Conventibus
2837 2548 3291 2661 respective
3352 2547 3785 2632 instituto-

432 2697 615 2750 rum
646 2730 669 2773 ‚
736 2667 1067 2752 subesse
1135 2665 1535 2753 deberent
1584 2730 1614 2772 ,
1674 2696 1771 2751 ac
1828 2663 2182 2776 Regulas
2248 2695 2400 2778 pro
2453 2665 2767 2751 salubri
2829 2697 3117 2754 eorum
3180 2663 3638 2752 directione·
3684 2662 3794 2750 ab

429 2783 720 2871 eadem
785 2785 1444 2898 Congregatione
1507 2781 2076 2872 Cardinalium
2142 2785 2516 2898 accipere
2575 2807 3053 2873 tenerentur
3090 2847 3118 2889 ,
3168 2787 3251 2870 et
3289 2784 3541 2889 alias,
3603 2814 3800 2896 pro·

434 2929 524 2988 ut
592 2909 673 2989 in
747 2904 1121 3017 ejusdem
1184 2904 1640 2991 Clementis
1684 2899 2336 2990 praedecessoris
2397 2906 2484 2987 in
2545 2906 2794 2990 simili
2854 2902 3115 2990 forma
3168 2904 3455 2991 Brevis
3501 2900 3640 2988 die
3690 2902 3779 2990 8.

416 3023 925 3108 Novembris
987 3028 1352 3138 proxime
1426 3023 1840 3140 praeteriti
1906 3019 2263 3137 desuper
2344 3020 2746 3135 expeditis
2819 3023 3175 3131 Literis,
3246 3041 3603 3142 quarum
3676 3045 3801 3112 te-

441 3173 728 3227 norem
780 3143 1347 3255 praesentibus
1386 3176 1551 3257 ⁴pro
1619 3145 1919 3258 plene3
1982 3166 2064 3229 et
2139 3139 2648 3230 sufficienter
2709 3173 3151 3259 expresso,
3209 3174 3303 3228 ac
3356 3139 3468 3229 de
3530 3144 3802 3231 verbo

436 3258 541 3346 ad
593 3262 949 3347 verbum
1017 3267 1321 3347 inserto
1382 3262 1668 3348 haberi
1719 3263 2103 3350 volumus
2138 3325 2166 3369 ,
2230 3264 2574 3349 uberius
2621 3268 3121 3351 continetur.
3185 3261 3439 3349 Nunc
3526 3293 3730 3375 vero
3766 3330 3804 3369 ,

433 3384 659 3466 sicut¹
710 3385 1138 3467 memorati
1190 3380 1673 3468 Cardinales
1733 3383 1973 3467 nobis
2032 3413 2299 3497 nuper
2326 3408 2940 3496 exposuerunt,
3003 3379 3470 3499 praedictae
3522 3382 3800 3496 Regu-

431 3500 557 3585 lae
607 3532 757 3614 pro
808 3533 1024 3587 novo
1075 3499 1505 3614 Collegio,
1550 3533 1702 3589 seu
1752 3504 2212 3588 Seminario
2259 3501 2670 3616 ejusmodi
2720 3535 3008 3591 eorum
3057 3499 3798 3617 jussuconfectae,

426 3621 794 3737 ipsisque
849 3620 1439 3707 Cardinalibus
1488 3686 1518 3726 ,
1582 3645 1679 3708 ut
1736 3620 1845 3707 ab
1926 3624 2034 3707 iis
2097 3622 2751 3737 approbarentur
2801 3686 2830 3732 ,
2893 3621 3303 3722 exhibitae
3380 3619 3723 3710 fuerunt
3757 3689 3796 3730 ,

432 3743 736 3825 tenoris
767 3803 793 3848 ,
856 3745 1002 3861 qui
1053 3743 1426 3860 sequitur
1461 3806 1496 3847 ,
1540 3740 1986 3834 videlicet:
2682 3734 2689 3741 ¹

551 3977 923 4094 Regula-e
979 3982 1143 4092 pro
1219 4013 1429 4069 novo
1482 3980 1859 4098 Collegio
1890 4044 1919 4089 ‚
1975 4013 2122 4067 seu
2169 3981 2652 4067 seminario
2708 3986 2838 4070 M
2826 3989 3228 4071 issionnm
3260 4049 3297 4089 ,
3353 3981 3591 4096 apud
3630 3982 3796 4070 Ec-

671 4098 1019 4184 clesiam
1117 4105 1440 4186 Beatae
1499 4102 1861 4186 Mariae
1940 4102 2333 4219 Virginis
2408 4100 2534 4186 ad
2596 4106 3019 4189 Fornaces
3070 4167 3096 4208 ,
3135 4100 3569 4221 ‚erigendo
3638 4135 3802 4216 pro

677 4220 861 4302 PP.
914 4218 1462 4305 Excalceatis
1549 4218 1896 4305 Ordinis
1967 4222 2580 4306 Sanctissimae
2663 4224 3116 4310 Trinitatis
3172 4223 3798 4334 Redemptionis

680 4339 1231 4451 Captivorum
1299 4342 1993 4458 Congregationis
2064 4342 2719 4455 Hispaniarum.

555 4578 648 4662 l..
692 4578 935 4663 Pater
985 4577 1422 4666 Generalis
1482 4581 1700 4665 intra
1787 4579 2143 4694 spatium
2204 4611 2343 4668 sex
2403 4613 2825 4669 annorum
2892 4606 3274 4670 teneatur
3318 4586 3632 4696 erigere
3676 4581 3807 4669 di·

431 4722 667 4790 ctum
731 4697 1200 4809 Collegium
1242 4764 1278 4804 ,
1334 4731 1482 4787 seu
1533 4700 2087 4786 Seminarium
2125 4763 2153 4807 ,
2212 4705 2299 4787 in
2364 4734 2540 4822 quo
2609 4735 2756 4809 sex
2831 4705 3122 4790 saltem
3176 4704 3566 4817 Religiosi
3601 4767 3631 4810 ,
3705 4715 3806 4789 eir

428 4817 740 4933 'quibus
798 4817 972 4903 duo
1006 4815 1346 4933 semper
1411 4820 1595 4904 Itali
1673 4851 2165 4934 permanere
2210 4883 2239 4927 ,
2301 4845 2390 4906 et
2436 4827 2873 4911 sustentari
2940 4821 3298 4910 debeant
3334 4888 3366 4931 ,
3426 4829 3574 4942 qui
3619 4847 3806 4916 ,stu-

431 4936 586 5022 diis
629 5001 656 5042 ,
731 4961 812 5024 et
876 4941 1377 5049 apostolicae
1446 4938 1647 5026 disci
1706 4941 1937 5025 linae
2000 4965 2365 5045 vacent,
2431 4974 2590 5030 nec
2668 4973 2839 5029 non
2910 4945 3313 5030 Lectores
3374 4951 3600 5059 juxta
3653 4973 3814 5028 nu·-

430 5087 756 5143 merum
809 5055 1150 5142 inferius
1213 4972 1865 5171 praefigendbm.
1933 5058 2110 5162 Qui
2174 5060 2518 5178 quidem
2566 5062 3146 5177 Collegialium
3208 5095 3611 5151 numerus
3667 5090 3818 5175 op-

432 5201 797 5290 portuno
865 5201 1239 5292 tempore
1272 5241 1307 5281 ,
1369 5179 1709 5262 arbitrio
1763 5179 1858 5263 P.
1910 5176 2391 5286 Generalis,
2450 5213 2546 5269 ac
2625 5182 3102 5271 Definitorii
3164 5188 3440 5293 augeri
3490 5183 3817 5287 valeat,

420 5299 542 5390 ,ita
597 5317 874 5384 tamen
930 5322 1022 5384 nt
1074 5295 1696 5385 duodenarium
1752 5329 1922 5384 non
1972 5298 2335 5388 excedat.
2380 5301 2494 5390 In
2553 5299 2757 5394 dicti
2816 5303 3170 5418 Collegii
3214 5324 3493 5390 autem
3539 5324 3627 5391 et
3669 5299 3827 5389 Se·—

428 5419 759 5506 minarii
806 5420 1100 5534 aptiori
1178 5418 1376 5508 loco
1428 5439 1901 5536 apponatur
1947 5420 2384 5540 inscriptio
3719 5459 3732 5470 ·
