4834 6409
1060 421 1627 628 ²3filestitutio
1673 556 1820 626 s‘eu
1868 522 2082 625 nova
2128 539 2435 626 erectio
2480 532 2988 626 Provinciae
3016 536 3291 659 Regni
3312 520 3782 629 Hiberniae
3811 526 4228 619 Fratrum
4279 529 4442 617 Or·

1299 658 1529 746 dinis
1575 660 1681 745 B.
1741 661 1886 748 M.
1936 656 2041 744 de
2088 659 2396 747 Monte
2481 652 2916 748 Carmelo'
2959 662 3407 746 strictioris
3486 655 4061 743 observantiae
4117 648 4441 738 dudum

1297 782 1899 888 reviviscenti&
1939 783 2086 866 cui
2129 772 2735 897 aciJ'udicant-ur
2777 810 3060 869 omnes
3128 783 3597 869 Conventus
3658 802 3884 861 nunc
3931 776 4383 859 existentes
4410 828 4438 880 ,

1306 918 1391 985 et
1439 903 1953 1015 inposterum
2001 897 2587 1017 recuperandi.

1610 1080 1615 1084 ’
1746 1138 2183 1253 CLE
2257 1138 2880 1255 M-ENS
2996 1138 3257 1253 PP.
3387 1133 3733 1252 XII.

1999 1383 2153 1476 Ad
2189 1403 2689 1501 perpetuam
2747 1390 2881 1471 rei
2941 1390 3465 1471 memoriam.

689 1618 1037 1699 Exordsm
1194 1530 1714 1714 pastoralis
1775 1622 2033 1714 officii
2067 1690 2093 1725 ,
2146 1655 2318 1744 quo
2363 1622 2848 1712 Catholicae
2893 1623 3321 1713 Ecclesiae
3393 1654 3544 1741 per
3597 1626 4083 1714 universum
4152 1625 4446 1714 Terra-

1066 1775 1254 1830 rum
1302 1745 1587 1833 orbem
1641 1743 1991 1834 diffusae
2043 1746 2476 1858 regimini,
2528 1742 2814 1853 divina
2863 1742 3401 1862 dispositione
3446 1743 4015 1860 praesidemus
4045 1810 4074 1854 ,
4138 1738 4439 1834 sollici·

1064 1860 1278 1951 tudo
1318 1890 1472 1952 ‘nos
1522 1863 1915 1955 admonet
1962 1889 2069 1954 ut·
2104 1866 2327 1953 felici
2362 1929 2394 1970 ‚
2456 1894 3014 1984 prosperoque
3060 1860 3754 1954 Christifldeliurn
3784 1929 3816 1970 ,
3880 1868 4026 1986 qui
4077 1898 4123 1954 e
4169 1867 4445 1952 flucti-

1063 1980 1225 2069 bus
1273 1988 1580 2074 saeculi
1631 1990 1714 2073 in
1767 2009 2100 2103 portum
2168 1988 2387 2073 vitae
2473 1984 2926 2098 Religiosae
2989 1982 3597 2100 confugerunt,
3662 1985 4128 2097 guber-nie,
4191 2008 4443 2103 atque

1064 2101 1562 2214 directioni,
1627 2109 1870 2195 etiam
1921 2134 2072 2223 per
2105 2107 2733 2193 Provinciarum
2766 2167 2797 2210 ,
2859 2104 3008 2191 ubi
3044 2106 3245 2192 olim
3291 2106 3680 2193 florentes
3713 2168 3738 2212 ‚
3804 2129 3890 2193 et
3938 2104 4163 2193 idem
4212 2104 4443 2226 quod

1062 2222 1518 2315 orthodoxa
1574 2227 1891 2340 Religio
1939 2229 2259 2343 accepit
2289 2287 2313 2333 ,
2344 2223 2939 2313 detrimentum
2974 2256 3280 2342 passae,
3332 2231 3632 2314 iterum
3682 2223 4240 2316 benedicente
4285 2224 4436 2314 ho-

1030 2364 1370 2456 norum
1433 2351 1811 2434 omnium
1874 2348 2310 2460 largitore,
2374 2349 2870 2435 revirescere
2943 2371 3459 2461 caeperunt,
3544 2348 4202 2453 restitutionem,
4264 2348 4442 2438 sive

1063 2486 1367 2552 novam
1410 2470 1916 2571 erectionem
1965 2465 2405 2584 providere
2454 2464 2875 2553 interdum
2924 2464 3404 2553 studeamus
3439 2522 3465 2573 ,
3518 2473 3735 2554 sicut
3781 2467 4150 2584 locorum
4182 2529 4209 2575 ‚
4258 2498 4443 2585 per-

1063 2608 1510 2695 sonarum,
1577 2610 1661 2675 et
1711 2612 2176 2702 temporum
2229 2585 2766 2706 qualitatibus
2817 2608 3142 2673 mature
3188 2590 3654 2702 perpensis,
3705 2583 3813 2672 ad
3861 2585 4019 2673 Dei
4071 2588 4445 2699 gloriam,

1064 2700 1517 2813 Religionis
1577 2709 2183 2797 incrementum
2215 2771 2242 2817 ‚
2294 2726 2546 2828 atque
2597 2710 3061 2794 animarum
3108 2708 3456 2795 salutem
3506 2702 3889 2823 expedire
3939 2710 4025 2794 in
4073 2702 4446 2796 Domino

1067 2821 1590 2913 arbitramur.
3857 2921 3866 2929 ,

682 2962 857 3037 Ordo
887 2971 1043 3042 c„-
1180 2941 1301 3044 §.1
1322 3004 1343 3031 .
1371 2945 1703 3063 Expeni
1752 2944 2168 3069 siquidem
2200 2946 2467 3035 Nobis
2519 2974 2788 3063 nuper
2820 2940 3203 3033 fecerunt
3232 2941 3518 3032 dilecti
3552 2942 3706 3032 filii
3744 2943 4123 3036 moderni
4161 2950 4441 3060 Agens

676 3063 1042 3174 metita-rum
1067 3061 1694 3153 venerabilium
1745 3068 2127 3155 Fratrum
2190 3066 2816 3155 catholicorum
2891 3068 3386 3152 Antistitum
3441 3064 3701 3178 Regni
3767 3064 4225 3157 Hiberniae
4259 3131 4286 3177 ‚
4363 3086 4450 3154 et

676 3154 834 3311 anm
860 3177 1046 3315 omffi·
1068 3179 1565 3273 Procurator
1610 3183 2108 3276 dilectorum
2160 3185 2451 3276 itidem
2500 3186 2863 3274 filiorum
2927 3185 3314 3274 Fratrum
3364 3183 3710 3273 Ordinis
3773 3185 4072 3275 Beatae
4135 3188 4451 3275 Mariae

680 3267 942 3406 beffiae
1065 3298 1179 3392 de
1220 3298 1521 3395 Monte
1566 3306 1956 3396 Carmelo
2001 3310 2427 3396 strictioris
2474 3303 3070 3396 observantiae
3123 3328 3799 3421 nuncupatorum
3864 3305 4240 3421 ejusdem
4293 3305 4452 3395 Re·

681 3424 1213 3535 florescens.gni
1236 3489 1272 3531 ,
1334 3424 1565 3546 quod
1618 3427 1943 3515 Fratres
1988 3427 2394 3546 praedicti
2446 3427 2790 3515 Ordinis
2839 3446 3062 3514 anno
3121 3430 3371 3517 1260.
3436 3446 3807 3540 tempore
3858 3423 4204 3515 Henrici
4291 3425 4448 3512 111.

1072 3544 1370 3658 Regis,
1426 3566 1532 3634 ‘ut
1578 3551 2016 3661 asseritur,
2080 3550 2573 3637 Hiberniam
2623 3549 3016 3660 ingressi,
3081 3549 3193 3634 ita
3284 3543 3740 3658 Religiosae
3799 3551 4077 3655 vitae,
4145 3580 4242 3637 ac
4301 3542 4454 3634 do·

886 3762 904 3782 .
1008 3732 1015 3738 .
1066 3671 1386 3756 otrinae
1434 3668 1829 3786 exemplis
1877 3671 2227 3788 populos
2275 3670 2458 3756 illos
2508 3672 2591 3783 in
2643 3664 3021 3785 ejusdem
3074 3665 3421 3753 Ordinis
3471 3668 4094 3755 venerationem
4139 3664 4447 3786 perdu-

678 3762 1046 3924 inffli’hlsso‘}
1068 3808 1366 3876 xerunt
1396 3852 1428 3894 ,
1482 3804 1589 3876 'ut
1634 3813 2010 3904 tempore
2055 3786 2441 3877 Eduardi
2503 3787 2651 3874 IV.
2715 3790 2890 3876 sive
2940 3787 3005 3871 Ι.
3059 3785 3683 3899 Andegavensis
3735 3782 3980 3898 Regis
4041 3790 4255 3877 circa
4310 3819 4452 3876 an·

677 3946 908 4017 vincia.
1067 3932 1274 3994 num
1328 3908 1580 3997 1303.
1635 3911 1723 3997 in
1774 3910 2298 3999 Provinciam
2351 3910 2898 3997 coalescentes
2947 3903 3056 3993 ad
3102 3910 3433 4018 triginta
3486 3903 3698 3993 duos
3748 3903 4250 3997 Conventus
4313 3904 4462 3996 ha-

1062 4027 1343 4118 buisse
1378 4092 1402 4137 ,
1452 4061 1566 4118 ac
1626 4062 1775 4145 per
1823 4048 2231 4118 tercentos
2265 4090 2292 4136 ‚
2358 4052 2447 4117 et
2493 4029 2848 4143 amplius
2895 4056 3154 4114 annuos
3215 4028 3873 4145 quamplurimos
3923 4030 4142 4116 viros
4195 4027 4452 4118 Ordi-

1067 4151 1209 4265 nis,
1238 4149 1646 4266 praedicti
1696 4151 2174 4260 virtutibus,
2239 4164 2334 4237 a'c
2384 4151 2639 4237 literis
2687 4148 3071 4257 insigues,
3126 4150 3391 4233 Sacris
3442 4144 3740 4233 Infulis
3804 4146 4058 4236 fuisse
4106 4144 4442 4238 decora·

1065 4291 1192 4357 tos
1243 4273 1689 4358 memoriae
1736 4268 2136 4358 traditum
2189 4271 2318 4359 sit.
2461 4314 2469 4327 ·
3225 4379 3236 4384 -
4219 4322 4232 4335 ·
4297 4282 4306 4289 ·

774 4403 1044 4491 ‘rempo-
1182 4399 1260 4496 S.
1315 4418 1394 4477 2.
1444 4389 1827 4480 Subinde
1877 4408 2156 4478 autem
2202 4406 2535 4508 propter
2583 4390 3242 4505 persecutionem
3279 4382 3732 4474 Catholicis
3781 4386 3889 4475 ab
3940 4404 4235 4477 asserta
4291 4384 4456 4478 Re-

679 4515 828 4650 {urm
850 4493 1043 4650 ΝΞ·
1068 4509 1258 4620 gina
1321 4509 1807 4598 Elisabetha
1869 4536 2174 4598 motam
2212 4574 2242 4615 ‚
2305 4510 2888 4626 inflictamque
2938 4504 3365 4594 Fratribus
3411 4502 3793 4621 praefatis
3828 4571 3852 4615 ‚
3920 4520 4068 4596 au't
4115 4508 4457 4618 occisis,

685 4608 812 4743 οἳ,
855 4607 931 4689 9¹
1025 4619 1215 4715 ‘aut
1254 4616 1561 4741 ‘fugatis
1591 4694 1618 4740 ‚
1672 4626 2105 4719 Provincia
2156 4631 2294 4717 illa
2344 4633 2705 4716 extincta
2753 4624 2940 4714 fuit.
3027 4623 3570 4712 Postmodum
3621 4656 3822 4716 vero
3869 4626 4198 4717 Fratres
4247 4630 4456 4717 illuc

1072 4744 1517 4836 redeuntes
1547 4813 1578 4856 ,
1641 4742 1748 4836 ad
1811 4760 2074 4871 usque
2120 4749 2644 4836 Cromuvelli
2695 4746 3122 4861 Tyranni,
3174 4778 3219 4832 a
3272 4772 3444 4865 quo
3490 4750 3823 4863 penitus
3884 4744 4138 4837 deleti
4188 4747 4446 4858 fuere,

1071 4892 1398 4984 tempus
1447 4869 2029 4985 perdurarunt.
2092 4870 2279 4957 sub
2327 4867 2642 4955 Jseoho
2697 4866 2803 4952 n.
2857 4868 3051 4953 clar.
3116 4898 3275 4953 me.
3329 4864 3536 4953 dum
3619 4870 3823 4957 vixit
3887 4871 4290 4983 Angliae„
4371 4896 4458 4959 et

1075 4991 1401 5079 Scotiae
1448 4990 1648 5077 vn.
1705 4991 1926 5103 Rege
1977 4993 2276 5077 iterum
2326 4991 3004 5077 restaurationem
3055 4991 3401 5100 aggressi
3457 5016 3652 5075 cum
3703 4992 3878 5105 ipso
3929 4993 4176 5077 etiam
4230 4986 4453 5104 Rege

1071 5117 1430 5223 patrium
1485 5112 1749 5198 solum
1806 5111 2272 5233 relinquere
2323 5109 2428 5194 ab
2493 5111 2813 5194 intruso
2862 5105 3322 5193 Guillelnio
3372 5106 3528 5191 Ill.
3583 5112 3843 5195 coacti
3893 5141 4068 5197 sese
4117 5114 4202 5198 iu
4256 5111 4447 5200 Gal-

940 5293 950 5304 .
1074 5228 1224 5315 lias
1289 5222 1803 5344 receperunt.

734 5345 1018 5414 Reflore-
1193 5347 1264 5450 S.
1327 5353 1410 5438 3.
1477 5353 1869 5469 Denique
1918 5348 2019 5438 ad
2071 5351 2396 5466 propria
2450 5349 2804 5452 reversi,
2843 5367 2928 5433 et
2977 5348 3061 5431 iu
3112 5342 3315 5453 dies,
3368 5346 3556 5434 Deo
3617 5350 4024 5463 propitiO,
4090 5382 4458 5438 crescen-

686 5441 1052 5599 ssffduffi⁸²‘
1077 5490 1251 5578 tes,
1316 5472 1474 5558 sub
1528 5504 1775 5578 cura,
1844 5495 1924 5559 et
1975 5471 2279 5559 auxilio
2330 5469 2832 5556 Provinciae·
2866 5462 3387 5554 Reformatae
3432 5468 3849 5554 Turoniae
3902 5469 4238 5584 praefati
4295 5472 4460 5557 Or-

688 5623 870 5694 hisoe
900 5586 1298 5690 tem-dinis
1347 5590 1742 5700 suerunt,
1809 5626 1855 5681 a
1905 5622 2066 5712 qua
2116 5590 2555 5707 praeclaris
2601 5585 3053 5678 charissimi
3105 5589 3191 5675 in
3251 5585 3585 5674 Christo
3646 5583 3808 5689 filii,
3850 5594 4107 5678 nostri
4163 5588 4460 5682 Jacobi
