4834 6409
1002 557 1149 671 qui
1200 556 1281 640 in
1334 557 2103 662 Annunciationis',
2172 563 2922 679 et'Assnmptionis
2982 567 3234 679 ipsius
3318 564 3408 649 B.
3462 561 3782 653 Mariae.
3823 565 4185 678 Virginis
4248 560 4384 652 fe⁴⁸

999 682 1142 764 stis
1172 674 1514 763 'tli'ctum
1591 677 1741 765 SS.
1790 676 2363 771 Eucharistiae
2416 684 3044 773 Sacramentum
3117 688 3618 803 sumpserint
3651 752 3683 798 ,
3741 710 3842 772 et·
3885 684 4304 774 Coronam
4349 744 4380 787 ,

1000 800 1139 887 vel
1186 799 1515 886 tertiam
1561 799 2261 914 partein‘Rosarii'
2297 807 2872 911 recitaverint,
2920 838 3068 895 nec
3115 813 3308 892 non·
3341 809 3769 925 utriusque
3817 837 4056 894 sexus
4116 799 4367 890 Chris-

1002 924 1101 1006 sti
1140 916 1533 1004 fidelibus
1581 922 1941 1043 aliquam
1993 952 2092 1007 ex·
2137 920 2979 1013 Conffaternitatibus
3026 931 3420 1015 canonice
3448 922 3860 1039 erigendis
3923 928 4301 1039 ingressis
4338 986 4364 1027 ,

1006 1041 1154 1161 qui
1205 1043 1289 1124 in
1340 1036 1787 1129 festivitate
1847 1041 1985 1128 SS.
2040 1041 2431 1158 Corporis
2484 1044 2887 1152 Christi,
2944 1049 3301 1134 et‘illius
3354 1071 3641 1135 octava
3703 1049 4223 1161 poenitentes
4273 1048 4376 1129 si-
4470 1107 4481 1115 -

1004 1162 1365 1268 militer,
1411 1183 1497 1247 et
1544 1160 1957 1269 confessi,
2025 1160 2245 1249 idem
2302 1165 2446 1250 SS;
2499 1166 3071 1272 Eucharistiae
3147 1169 3774 1255 Sacramentum
3824 1168 4381 1280 sumpserint,

930 1389 935 1394 ὗ
975 1301 1097 1368 ‘et
1147 1284 1232 1365 in
1286 1281 1738 1395 cujuslibet
1785 1312 2072 1369 eorum
2126 1288 2561 1405 utriusque
2609 1320 2845 1375 sexus
2891 1286 3579 1376 Christifidelium
3630 1288 3915 1373 mortis
3960 1283 4373 1388 articulO,

1009 1404 1267 1490 etiam·
1307 1403 1980 1516 poenitentibus,
2045 1428 2128 1490 et
2178 1404 2617 1514 confessis,
2669 1440 2766 1495 ac
2819 1413 3059 1498 Sacra
3111 1407 3730 1494 Communione
3790 1403 4117 1492 refectis
4149 1465 4174 1511 ,
4239 1426 4387 1489 aut

1007 1524 1296 1610 saltem
1351 1523 1723 1608 contritis
1785 1527 1851 1608 si
1902 1521 2275 1610 confiteri
2317 1552 2454 1632 ,et
2502 1533 3116 1615 communicare
3165 1560 3331 1614 non
3390 1530 3810 1645 potuerint
3844 1589 3867 1633 ,
3920 1526 4377 1641 plenariam

1007 1643 1382 1730 similiter
1431 1644 1809 1730 omnium
1868 1669 2400 1760 peccatorum
2482 1680 2818 1734 suorum
2901 1646 3569 1760 indulgentiam,
3647 1669 3734 1733 et
3809 1648 4378 1732 remissionem

1004 1758 1638 1851 misericorditer
1688 1767 1771 1848 in
1825 1766 2196 1851 Domino
2245 1767 2810 1853 concedimus.
2881 1769 3235 1881 Insuper
3309 1767 3553 1858 dictis
3620 1765 4151 1852 scholaribus
4231 1761 4387 1846 hu·

1006 1880 1371 2000 jusmodi
1420 1878 2102 1972 Confraternitati
2156 1885 2584 2001 adscriptis
2619 1952 2643 1996 ,
2725 1890 2872 2005 qui
2937 1890 3021 1973 in
3072 1890 3417 1998 singulis
3491 1884 3868 2001 ejusdem
3927 1886 4017 1968 Β.
4072 1883 4394 1968 Mariae

1011 2006 1439 2117 Virginis,
1490 2037 1587 2092 ac
1636 2004 2353 2114 ‘Resurrectioniffi¹
2415 2009 2942 2095 pentecostes
2979 2031 3140 2115 ,et
3188 2007 3659 2094 Nativitatis
3708 2005 4058 2091 Domini
4107 2001 4392 2089 Nostri

860 2183 867 2188 -
1004 2124 1206 2212 Jesu
1248 2111 2201 2211 Christi'festivitatibus
2230 2193 2259 2232 ‚
2295 2131 2360 2212 si
2413 2125 2761 2215 confessi
2802 2189 2827 2233 ,
2881 2152 2965 2218 et
3011 2130 3344 2213 contriti
3398 2128 3840 2243 praemissa
3891 2123 4395 2239 peregerint,

1010 2242 1301 2332 decem
1352 2276 1764 2331 annorum
1814 2243 1927 2332 de
1958 2249 2353 2361 injunctis
2403 2250 2519 2335 eis
2554 2310 2580 2349 ,
2630 2279 2781 2334 seu
2828 2250 3024 2334 alias
3073 2246 3707 2365 quomodolibet
3742 2243 4050 2332 debitis
4101 2239 4388 2355 poeni·

902 2391 911 2394 ·
1009 2367 1311 2452 tentiis.
1380 2365 1529 2450 Eis
1599 2396 1938 2483 quoque
1996 2370 2146 2486 qui
2196 2370 2283 2451 in
2335 2369 2679 2481 singulis
2728 2365 3025 2453 diebus
3086 2365 3434 2453 Veneris
3493 2366 3948 2480 ‘cujuslibet
3995 2356 4379 2471 Quadra-

1012 2489 1377 2597 gesimae
1417 2482 1721 2573 devote
1773 2488 2430 2599 processionibus
2479 2489 2836 2602 publicis
2905 2491 2988 2573 in
3042 2487 3413 2603 partibus
3449 2548 3472 2592 ,
3530 2508 3615 2570 et
3663 2484 3865 2568 locis
3916 2481 4385 2568 transmari-

1004 2607 1144 2690 nis
1226 2602 1333 2690 ad
1394 2601 1806 2692 orandum
1884 2638 2044 2720 pro
2112 2613 2652 2694 conversione
2716 2608 3173 2693 Gentilium
3218 2669 3241 2709 ‚
3312 2629 3395 2693 et
3448 2607 4075 2692 Haereticorum
4152 2626 4385 2712 prae-

1013 2722 1374 2814 fatorum
1405 2784 1429 2830 ,
1482 2729 1709 2840 juxta
1761 2724 2045 2812 Ritum
2080 2727 2507 2816 Ecclesiae
2559 2729 2977 2813 Romanae
3029 2730 3422 2811 institutis
3457 2790 3483 2833 ,
3515 2724 4038 2811 interfuerint
4072 2783 4098 2826 ,
4140 2722 4390 2804 trium

1022 2871 1493 2930 annorumt
1562 2844 1934 2961 Reliquis
2001 2877 2200 2935 vero
2261 2848 2651 2936 omnibus
2733 2846 3052 2934 eisdem
3103 2847 3758 2959 processionibus
3811 2838 4377 2957 praesentibus

1030 2964 1459 3070 contritis,
1523 2983 1607 3049 et
1648 2962 2098 3072 confessis,
2168 2970 2413 3054 unius
2479 2969 2672 3051 anni
2755 2964 3374 3078 Indulgentiam
3435 2967 3898 3077 elargimur.
3954 2955 4381 3076 Quodque

1021 3115 1175 3199 pro
1210 3083 1643 3172 animabus
1678 3114 1973 3171 eorum
2015 3084 2327 3172 Christi
2367 3084 2740 3173 fidelium
2775 3149 2804 3190 ,
2868 3090 3016 3205 qui·
3067 3090 3150 3170 in
3193 3083 3577 3201 praefatis
3620 3087 4052 3201 utriusque
4105 3078 4398 3164 Indiae

1019 3204 1684 3315 navigationibus
1750 3236 1904 3321 pro
1980 3210 2313 3318 negotio
2368 3203 2609 3292 Fidei
2673 3202 3192 3292 instituendo
3237 3205 3350 3290 ab
3410 3205 3794 3289 humanis
3853 3205 3937 3285 in
3993 3199 4388 3285 charitate

1019 3323 1358 3412 Christo
1410 3328 1837 3441 conjuncti
1890 3322 2448 3433 decesserint,
2500 3324 2843 3412 confessi
2882 3390 2916 3429 ‚
2965 3349 3057 3411 ae
3111 3327 3350 3410 Sacra
3406 3323 4023 3409 Communione
4082 3314 4398 3418 refecti,

1016 3448 1348 3534 tertiam
1395 3468 1711 3559 partem
1765 3445 2073 3532 Rosarii
2113 3510 2142 3551 ,
2239 3470 2378 3533 aut
2434 3478 2686 3532 unam
2773 3446 3192 3531 Coronam
3269 3446 3853 3547 recitaverint,
3911 3441 4234 3555 quoties
4312 3431 4403 3517 id

1006 3587 1330 3676 agent,
1397 3566 1633 3651 toties
1680 3595 1830 3679 per
1870 3564 2217 3674 mod-um
2267 3564 2636 3676 suffragii
2707 3597 2956 3652 unam
3007 3596 3106 3651 ex
3156 3560 3568 3649 dictorum
3603 3560 4063 3655 animabus
4107 3590 4151 3643 a
4200 3584 4397 3670 poe·

1004 3689 1153 3770 ,nis
1203 3685 1662 3796 Purgatorii
1746 3686 2101 3773 liberare
2181 3688 2539 3773 valeant.
2607 3683 3035 3802 Quodque
3121 3683 3549 3770 Scholares
3619 3685 4051 3800 utriusque
4102 3673 4396 3761 Indiae

1014 3801 1573 3919 hujusmodi,
1652 3806 1799 3925 qui
1851 3809 1935 3889 in
1991 3805 2309 3892 Scholis
2360 3806 3043 3919 presbyterorum
3112 3803 3400 3911 dictae,
3437 3803 3862 3890 Societatis
3935 3797 4140 3884 dant
4201 3823 4394 3908 ope-

1014 3955 1197 4014 ·ram
1250 3924 1573 4031 litteris,
1627 3928 1712 4009 in
1745 3926 2422 4038 Presbyterorum
2457 3923 2938 4013 eorumdem
2985 3924 3381 4010 Ecclesiis
3430 3925 3758 4027 Missas,
3803 3919 3942 4006 vel
3989 3918 4144 4004 alia
4195 3912 4405 4016 divi-

1021 4075 1132 4132 na
1185 4041 1465 4132 officia
1516 4065 1886 4161 tempore
1939 4045 2365 4133 Interdieti
2404 4110 2431 4152 ,
2489 4068 2582 4135 et
2630 4047 3097 4133 cessationis
3159 4077 3203 4130 a
3266 4041 3634 4150 divinis,
3675 4043 3999 4157 ipsique
4052 4035 4404 4145 Presby-

1029 4167 1183 4253 teri
1271 4162 1577 4254 iisdem·
1632 4165 2839 4282 scholaribus'praesentibus,
2903 4167 3179 4279 januis
3223 4164 3522 4250 clausis
3560 4226 3583 4268 ,
3648 4186 3732 4247 et
3809 4191 3973 4243 non
4052 4155 4404 4271 pulsatis

925 4303 946 4339 ²
1030 4290 1450 4401 campan-is
1486 4348 1529 4393 ,„
1577 4309 1671 4375 et.
1709 4283 2174 4372 dummodo
2234 4290 2384 4402 ipsi
2450 4319 2777 4373 causam
2839 4282 3324 4399 hujusmodi
3410 4279 3890 4372 Interdicta
3925 4299 4116 4364 non'
4156 4273 4409 4360 dede·

1025 4408 1192 4491 rint
1228 4468 1267 4512 κ
1306 4438 1417 4492 ae
1467 4403 1976 4513 interdictis,
2043 4429 2126 4493 et
2175 4409 2901 4496 excommunicatis
2963 4404 3307 4490 exclusis
3345 4467 3368 4509 ,
3434 4399 3800 4507 audire,
3854 4423 3937 4484 et
3990 4395 4407 4483 celebrare

1024 4527 1505 4639 respect-ire·
1549 4533 1922 4639 possint,
1988 4526 2518 4614 concedimus
2553 4590 2578 4634 ,
2645 4545 2729 4612 et
2778 4522 3331 4635 indulgemus,
3390 4522 3740 4633 Insuper
3797 4514 4180 4630 praefatis
4227 4544 4408 4598 om·-

850 4687 859 4696 ·
990 4645 1437 4752 ‚uilius,.et
1483 4647 1825 4755 singulis
1872 4648 2336 4764 utriusque·
2370 4667 2608 4734 sexus
2661 4644 2978 4730 Christi
3011 4640 3416 4746 fidelibus¹
3455 4634 3537 4730 in
3593 4636 3855 4725 1=ndiis
3888 4699 3917 4743 ,
3974 4660 4061 4723 et
4115 4636 4408 4744 Regio-

1028 4766 1279 4851 nibus
1324 4764 1709 4879 praestitis
1787 4768 2598 4883 existentibus-,qui
2676 4767 3066 4870 contriti,
3150 4788 3235 4850 et
3296 4758 3644 4852 confessi
3706 4757 4169 4876 quamlibet
4245 4755 4411 4840 Ec·-

1031 4886 1446 4990 clesiam·-,.
1481 4909 1563 4971 et
1611 4884 2255 5002 Cappellam-in-·
2288 4884 2606 4973 'eisdem
2661 4885 3030 5000 partibus
3067 4880 4212 4991 dictorum‘Presbyterorum
4268 4874 4412 4960 So-

1034 5008 1350 5094 cietatis
1399 5005 1840 5093 Jesu-cura
1878 5029 2379 5122 ,et-opem,
2453 5027 2544 5092 ut
2591 5038 2833 5120 supra
2886 5028 3248 5094 erectam
3284 5024 3498 5108 ,aut
3533 5006 3614 5086 in
3671 4999 4046 5086 futurum
4099 4999 4416 5107 erigen-

1000 5125 1232 5213 dam·
1275 5124 1581 5212 devote
1624 5128 2195 5235 visitaverint,
2262 5150 2345 5215 et
2396 5149 2494 5214 ut
2541 5158 2786 5239 supra
2864 5127 3281 5209 oraverint
3328 5186 3384 5228 ,,
3418 5119 3983 5238 quadraginta.
4036 5115 4214 5202 dies
4243 5178 4290 5219 „.
4334 5134 4420 5199 et

1033 5247 1285 5334 semel
1341 5246 1720 5365 quolibet
1767 5277 1986 5333 anno
2022 5247 2318 5365 aliquo
2346 5245 2518 5335 -die
2560 5244 2766 5332 sesto
2814 5244 2944 5329 Da·
2981 5241 3084 5327 N.
3115 5241 3339 5328 [lesum
3366 5240 3674 5328 Christi
3714 5303 3762 5347 ,„
3791 5238 4095 5325 Beatae
4121 5234 4418 5343 virgi·

908 5393 913 5400 ’
979 5465 989 5472 ,
1031 5370 1163 5451 nis
1211 5366 1615 5473 Mariae-,fl
1653 5391 1797 5452 aut
1848 5367 2340 5453 Sanctorum
2374 5430 2397 5474 ,
2428 5363 3336 5486 ‘2quem›·Provinc·ialis-.
3370 5360 3672 5448 dictae·
3707 5358 4162 5445 Societatis-
4220 5383 4417 5439 con·

974 5486 1443 5593 --stituerit·,
1492 5510 1849 5602 septemw
1910 5516 2169 5575 annos
2204 5552 2265 5593 ,.
2301 5510 2401 5575 οι»
2463 5483 2814 5572 totidem
2867 5482 3455 5604 quadragenas·
3520 5476 3867 5575 Eisdem
3918 5529 3943 5583 ,
4026 5477 4174 5594 qui
4259 5473 4407 5560 ali-

1009 5625 1302 5728 quam
1364 5619 1469 5697 'ex
1514 5604 1930 5725 ..praefatis
1977 5603 2852 5703 Ecclesiis‘dictorum
2921 5598 4126 5719 ·Presbyterornm.;Societatis
4195 5591 4414 5686 §lesu
