4834 6409
428 633 437 643 -
522 577 646 668 11.
709 577 872 665 Pro
955 577 1119 665 ΡΡ.
1171 573 1676 689 Capuccinis
1725 573 1813 662 in
1894 565 2238 689 Oppido
2261 633 2292 676 ,
2352 589 2441 661 et
2503 563 3044 661 Praefectura·
3103 512 3558 663 Werhensi
3615 455 4145 665 idibem-1312

415 731 610 791 cum
661 694 1219 807 1³·raef'ecturis¹
1254 694 1844 782 in.Abbtenau
1874 757 1900 800 ,
1963 716 2063 783 et.
2096 691 2461 803 Golling.
2841 756 2852 765 -
3816 650 4133 832 235⁸*

534 821 688 905 111.
753 820 916 906 P-ro
1016 818 1177 903 ΡΡ.
1243 815 1743 931 Capuccinis
1790 814 2172 901 Civitatis
2225 807 2836 901 Radstadiensis
2884 810 3100 898 intra
3147 831 3543 903 montana
3585 814 3796 904 sitae

419 971 574 1057 per
624 962 879 1025 totam
933 943 1112 1051 ejus
1163 941 1519 1038 nominis
1571 933 2210 1023 praefecturam.

538 1058 687 1145 IV.
754 1058 917 1144 Pro
967 1059 1127 1143 ΡΡ.
1180 1056 1738 1169 Cappuccinis
1798 1053 2273 1143 Monasterii
2327 1054 2415 1149 in
2486 1048 3065 1165 Dambsvveeg
3125 1049 3387 1139 Vallis
3463 1051 3797 1171 Lunga·

411 1181 596 1268 viae
646 1177 752 1265 ad
805 1178 1172 1264 confines
1220 1176 1699 1262 Carinthiae
1762 1206 1911 1290 per
1961 1196 2220 1261 totam
2270 1165 2833 1261 Prefeeturam
2883 1170 3643 1265 Mossheimensun.
3837 1287 3843 1293 .

533 1297 634 1382 V.
692 1298 854 1382 Pro
904 1297 1066 1382 ΡΡ.
1121 1294 1468 1381 Ordinis
1519 1297 1602 1380 S.
1634 1293 2067 1382 Benedicti
2118 1296 2209 1379 in
2258 1293 2442 1382 loco
2495 1289 3089 1379 vaarzachiae
3138 1322 3290 1409 pro
3325 1291 3798 1384 Praefectu-

412 1418 519 1503 ris
567 1415 672 1502 ad
726 1418 805 1502 S.
843 1416 1250 1503 Joannem
1282 1416 1676 1527 Wagrain
1721 1413 2052 1502 Prosarl
2080 1475 2108 1519 ,
2148 1410 2541 1517 Gostein‚
2594 1409 3029 1522 Goldegg‚
3066 1434 3150 1499 et
3192 1408 3301 1497 ad
3343 1413 3433 1499 S.
3471 1415 3791 1507 vitum.

532 1537 677 1622 VI.
749 1538 907 1622 Pro
965 1537 1124 1622 ΡΡ.
1182 1536 1669 1623 Recollectis
1716 1533 2067 1621 Ordinis
2119 1533 2397 1621 sancti
2449 1530 2867 1619 Francisci
2920 1538 3007 1619 in
3069 1532 3257 1619 loco
3313 1530 3810 1625 Hausdorff

407 1687 657 1771 super
709 1654 1257 1743 Praefecturis'
1302 1656 1920 1744 'faxenbaceusi
1957 1715 1985 1761 ,
2052 1651 2508 1758 murensi,
2565 1674 2657 1741 et
2703 1651 3097 1739 Zellensi.
3200 1754 3207 1795 ¹

407 1894 594 1984 Nos
645 1895 1117 2012 Leopoldus
1166 1899 1343 1984 Dei
1381 1898 1671 2014 gratia
1728 1892 2434 2008 Archzepiscopus
2465 1954 2496 1998 ‚
2541 1910 2628 1977 et
2677 1893 3083 2005 Princeps
3123 1892 3791 2013 Salisburgensis

436 2068 447 2077 -
703 2018 794 2101 S.
828 2015 1069 2102 Sedis
1119 2016 1662 2131 Apostolicae
1720 2016 2118 2134 LegatuS,
2172 2011 2456 2101 Natus
2535 2013 2879 2101 Primus
2933 2014 3481 2104 Germaniae.
3593 2038 3599 2043 ·
3791 2068 3798 2075 ‹

434 2308 441 2313 -
524 2251 592 2354 S.
660 2257 743 2364 4.
811 2254 1034 2341 Cum
1085 2287 1179 2342 ea
1227 2256 1339 2342 sit
1382 2253 1841 2343 haereticae
1888 2253 2467 2345 obstinationis
2527 2247 2956 2358 conditio,
3023 2274 3121 2341 ut
3167 2256 3612 2370 amputatis
3663 2282 3794 2347 ra-.
3835 2286 4173 2358 missiones

406 2379 567 2460 mis
619 2376 843 2461 illico
894 2379 1143 2482 novi,
1183 2402 1264 2463 et
1310 2374 1761 2492 aliquando
1794 2374 2182 2469 ‚fortiores
2230 2402 2750 2463 succrescere
2775 2373 3156 2478 soleant,
3209 2405 3316 2465 ue
3361 2404 3578 2493 quae
3625 2372 3789 2467 sor·
3807 2381 4142 2489 Fratripus

410 2517 493 2580 te
556 2496 639 2578 in
694 2494 1218 2585 Praefectura
1300 2518 1570 2581 nostra
1624 2495 2051 2601 Hallensi,
2112 2518 2201 2581 et
2278 2497 2364 2581 in
2400 2492 2712 2583 ,Monte
2757 2492 3205 2606 Turuberg
3267 2497 3354 2583 in
3406 2494 3788 2609 ,latibulis
3811 2470 4168 2630 ἓζὼὲἔῗίιῗὶ

406 2610 682 2699 adhuc
730 2611 1134 2701 delitescit
1171 2678 1195 2722 ‚
1268 2614 1673 2701 haeretica
1727 2616 1902 2701 lues
1940 2677 1966 2720 ,
2032 2637 2299 2701 tractu
2357 2615 2748 2728 temporis
2783 2615 3097 2701 „iterum
3147 2637 3529 2729 erumpat
3563 2677 3590 2721 ‚
3641 2646 3786 2703 uo·
3807 2584 4018 2733 datffe,
4051 2654 4173 2718 in-

400 2735 657 2850 vique
706 2738 1076 2821 oriantur
1106 2797 1134 2842 ‚
1184 2764 1395 2852 qnos
1426 2796 1458 2841 ,
1509 2731 1719 2849 proh
1768 2732 2067 2841 dolor,
2126 2764 2416 2819 sumus
2475 2733 2846 2846 experti,
2902 2736 3126 2844 rogi,
3191 2737 3594 2823 continuo
3642 2762 3788 2825 uo-
3811 2746 4169 2836 positaeque

402 2850 555 2937 his.
595 2852 1211 2966 providendum
1258 2879 1442 2958 est,
1497 2884 1661 2972 qua
1714 2859 2028 2941 ratione
2078 2851 2450 2941 insidiosi
2501 2855 2942 2965 impiorum
2997 2876 3399 2961 conatus,
3452 2858 3786 2969 penitus
3808 2837 4002 2925 ¹⁶3³·

406 2975 802 3081 reprimi,
849 2996 937 3058 et
982 2976 1334 3087 opprimi
1387 2976 1759 3087 possint,
1814 2998 1908 3060 ut
1956 2977 2224 3061 securi
2274 2973 2506 3059 velut
2552 2970 2658 3059 ad
2710 2970 3071 3059 radicem
3123 2974 3378 3087 posita
3433 2976 3789 3088 pertina-

406 3089 646 3175 cibus
699 3090 1041 3198 mediis,
1104 3095 1476 3205 pertinax
1534 3095 1849 3179 malum
1908 3125 2010 3181 ne
2062 3124 2226 3211 qua
2279 3094 2716 3206 resumptis
2752 3091 2982 3179 velut
3042 3093 3359 3180 viribus
3401 3122 3790 3204 augesce-

406 3239 495 3294 re
547 3212 820 3322 possit.
888 3210 1175 3318 Quare
1233 3242 1429 3298 cum
1480 3219 2006 3301 statuerimus
2036 3274 2060 3318 ‚
2126 3210 2355 3333 quod
2404 3211 2932 3324 Apostolicae
2981 3215 3398 3303 Minionis
3446 3215 3533 3300 in
3588 3216 3787 3305 locis

405 3325 844 3440 praedictis
902 3354 1088 3445 post
1158 3331 1535 3417 ultimam
1620 3332 2249 3420 Haereticorum
2307 3334 2933 3441 emigrationem
3012 3360 3160 3443 per
3239 3334 3362 3421 tui
3437 3334 3788 3425 Ordinis

407 3448 733 3533 Fratres
790 3448 1318 3540 laudabiliter
1364 3454 1815 3539 exercitum
1867 3484 2177 3540 munus
2222 3453 2454 3539 omni
2507 3449 2783 3539 futura
2838 3473 3100 3539 aetate
3145 3452 3563 3569 perduret.
3629 3456 3788 3545 Pa·

407 3570 770 3654 ternitati
826 3592 1012 3654 tuae
1065 3569 1291 3658 hisce
1356 3568 1667 3677 nostris
1716 3573 2168 3660 clementer
2201 3632 2229 3676 ‚
2294 3595 2378 3659 et
2426 3573 2638 3660 serio
2686 3571 2934 3657 simul
2985 3574 3494 3688 injungimus
3523 3637 3549 3685 ,
3583 3607 3786 3699 qua·

409 3709 650 3775 tenus
702 3685 912 3773 illud
962 3686 1261 3776 futuris
1311 3694 1729 3809 perpetuis
1779 3693 2289 3808 temporibus
2336 3722 2439 3778 eo
2486 3688 2738 3776 modo
2788 3693 3314 3802 instituatur,
3368 3719 3488 3784 ut.

450 3856 457 3871 ι
523 3809 591 3910 S.
664 3807 744 3892 5.
811 3808 1142 3916 Primo,
1213 3812 1544 3916 tribue,
1609 3815 1753 3930 qui
1829 3810 2228 3898 hactenus
2294 3810 2405 3899 de
2467 3807 2855 3898 facultate
2908 3836 3177 3899 nostra
3253 3826 3287 3926 (
3338 3816 3780 3932 Superiore

405 3930 838 4014 incensum
927 3929 1389 4050 veniente)
1452 3933 1534 4017 in
1620 3955 1906 4018 monte
1980 3930 2422 4041 Turnberg
2506 3934 2624 4016 tui
2706 3928 3049 4018 Ordinis
3132 3931 3365 4023 fuere
3432 3938 3775 4043 Patres,

315 4134 322 4142 ,
407 4069 793 4163 quartum
848 4077 1100 4166 quem
1136 4053 1287 4137 tibi
1327 4052 1444 4138 ibi
1496 4049 1859 4154 habero,
1892 4056 2379 4139 auctoritate
2415 4051 2707 4137 Nostra
2760 4047 3170 4139 ordinaria
3223 4052 3445 4146 hisce
3483 4059 3779 4145 nostris
3833 4096 3840 4101 ·

404 4169 960 4280 permittimus
994 4229 1019 4272 ‚
1084 4167 1486 4284 adjungas
1536 4203 1641 4284 ea⁸
1680 4195 2247 4257 verumtamen
2298 4169 2778 4259 conditione
2815 4232 2840 4276 ,
2892 4193 2976 4256 et
3023 4172 3204 4282 lege
3235 4236 3268 4280 ,
3301 4173 3539 4294 quod

528 4283 922 4373 Secundo
957 4347 982 4391 ,
1046 4285 1220 4373 duo
1270 4320 1366 4388 ex
1413 4292 1531 4375 eis
1585 4292 1822 4375 nobis
1874 4314 2499 4403 praesententur
2545 4286 2648 4374 ad
2702 4288 3264 4402 peragendum
3317 4299 3400 4383 in
3451 4325 3798 4409 praere·-

406 4406 577 4491 lato
626 4402 1031 4491 Districtu
1084 4405 1609 4520 Apostolicae
1658 4412 2073 4497 Missionis
2134 4442 2443 4497 munus
2478 4472 2502 4516 ‚
2568 4407 2706 4497 vel
2788 4442 2831 4493 a
2900 4411 3246 4499 Summo
3309 4412 3772 4518 Pontifice‚

404 4526 538 4611 vel
590 4555 738 4639 per
788 4525 1119 4612 Sacram
1171 4526 1916 4639 congregationem
1966 4526 2077 4617 de
2111 4528 2642 4645 Propaganda
2674 4589 2698 4634 ,
2735 4559 2882 4615 seu
2931 4527 3038 4614 ab
3089 4562 3239 4639 eo,
3278 4537 3413 4620 cui
3466 4536 3574 4625 ab
3622 4533 3778 4626 hac

406 4646 591 4732 talis
641 4642 1164 4755 delegabitur
1214 4647 1558 4734 facultas
1635 4647 2064 4765 approbari
2104 4708 2129 4756 ‚
2198 4654 2840 4765 necessariisque
2921 4646 3019 4735 ad
3075 4652 3508 4744 Missiones
3555 4658 3780 4772 Apo·

404 4766 726 4853 stolicas
776 4767 1221 4880 privilegiis
1271 4771 1648 4854 instructi
1698 4768 2014 4888 absque
2066 4801 2219 4876 eo,
2257 4798 2429 4891 quo
2482 4771 2629 4857 tibi
2684 4772 3091 4880 integrum
3127 4775 3286 4881 sit,
3339 4800 3777 4896 postquem

406 4885 663 4971 semel
710 4882 1022 4973 suerint
1071 4886 1172 4973 ad
1226 4892 1673 4976 missiones.
1705 4914 2017 4991 nostras
2069 4886 2424 4996 delecti,
2475 4921 2618 4978 eos
2663 4917 3098 4996 amovere,
3153 4897 3307 4981 uisi
3337 4959 3364 5003 ‚
3418 4896 3566 4983 uhi
3614 4899 3779 5013 pri·

405 5004 520 5086 mi
573 5004 977 5114 integrum
1035 5007 1536 5097 absolverint
1597 5041 1906 5096 annum
1953 5072 1977 5117 ,
2057 5011 2640 5121 subrogatione
2709 5006 3068 5097 subinde
3140 5044 3233 5101 ea
3287 5018 3626 5109 ratione'
3662 5008 3796 5106 fet-7

407 5118 759 5227 cienda,
828 5146 917 5211 ut
1003 5156 1277 5232 unus,
1342 5128 1473 5213 vel
1541 5130 1826 5217 saltem
1894 5160 2226 5242 semper
2302 5128 2567 5235 adsit,
2635 5133 2777 5250 qui
2830 5134 2997 5247 jam
3073 5160 3223 5247 per
3285 5167 3618 5223 annum
3685 5139 3774 5221 in
3855 5152 3866 5159 ’

403 5244 847 5358 praemisso
907 5241 1211 5332 Ordini
1263 5271 1408 5331 tuo
1460 5249 1861 5359 assignato
1910 5246 2290 5341 districtu
2342 5249 2838 5341 Missionarii
2903 5258 3357 5344 exercuerit
3407 5286 3773 5362 munus,

405 5387 643 5451 notos
686 5361 996 5474 habeat
1048 5364 1503 5451 incolarum
1539 5428 1564 5472 ,
1628 5369 2245 5488 salinarum'que
2294 5368 2706 5477 fossorum
2761 5403 3078 5478 mores,
3146 5377 3251 5461 sit
3305 5377 3388 5467 i‘n
3442 5408 3532 5466 re
3575 5375 3798 5465 Mis-2

402 5486 740 5571 sinuum
778 5486 1243 5599 practicus,
1280 5488 1659 5607 petisque
1706 5489 2111 5577 instruere
2158 5494 2482 5580 noviter
2531 5489 3121 5606 adt·eniente³;
3173 5497 3505 5618 sintque
3554 5498 3779 5585 insu·
3911 5492 3914 5499 ⁴

401 5633 551 5716 per
599 5606 684 5691 in
739 5635 987 5697 omne
1036 5637 1333 5700 aevum
1376 5604 2092 5698 duofflissionarii
2146 5609 2548 5733 praedicti
2591 5610 2871 5731 quoad
2907 5644 2997 5705 ea
3035 5675 3060 5720 ‚
3113 5647 3330 5736 quae
3359 5618 3778 5711 Missionis
