4834 6409
1057 418 1410 620 giliorum
1454 523 1841 642 susti-agia
1888 525 2480 647 exquisivimus
2507 587 2533 636 ,
2569 529 2954 651 quaeque
3001 526 3259 620 iidem
3303 522 4221 622 VenerabilesFratres
4272 559 4420 616 noo

1062 654 1209 740 stri
1259 648 1747 737 Cardinales
1812 645 2375 736 confirmanda
2413 711 2439 755 ‚
2507 671 2652 736 aut
2699 644 3202 738 moderanda
3229 713 3261 755 ,
3318 652 3459 739 vel
3531 646 4027 738 declaranda
4061 710 4088 756 ,
4175 670 4431 766 atque

1061 773 1152 858 in
1198 772 1628 858 nonnullis
1692 766 2184 888 remittenda
2235 769 2499 855 Nobis
2549 771 2980 878 consulere
3061 768 3612 863 decreverunt
3643 832 3673 882 ,
3736 800 3836 858 ex
3880 769 4430 888 sequentibus

1059 888 1336 977 dubiis
1385 891 1523 978 hic
1573 892 1897 977 insertis
1946 889 2193 1003 plene
2239 915 2385 979 vos
2436 887 2957 1001 dignoscetis.
3653 999 3660 1006 ι
3933 997 3940 1004 .

1177 1012 1476 1097 Dubia
1513 1041 1672 1126 pro
1721 1010 2281 1096 Missionibus
2361 1008 2883 1097 Madurensi
2905 1073 2931 1119 ,
2993 1003 3595 1130 Mayssurensi
3625 1071 3652 1117 ‚
3748 1026 3831 1093 et
3920 1009 4434 1093 Carnatensi

1059 1150 1368 1216 exorta
1429 1135 1860 1216 occasione
1914 1131 2268 1215 Decreti
2322 1127 2531 1215 clar.
2595 1127 2866 1216 mem.⁸
2895 1133 2999 1218 R.
3043 1134 3152 1233 P.
3190 1134 3306 1218 D.
3385 1130 3682 1215 Caroli
3737 1128 3823 1215 T
3811 1128 4109 1212 Itomae
4157 1126 4438 1213 Mail-

1066 1249 1237 1334 lat-t
1282 1248 1386 1335 de
1444 1249 1529 1336 T
1518 1280 1839 1336 out-non
1899 1249 2461 1334 Patriarckae
2507 1250 3025 1338 Antiocheni
3053 1315 3087 1356 ,
3137 1269 3430 1368 postea
3459 1251 3548 1336 S.
3599 1251 3698 1335 R.
3749 1247 3853 1335 E.
3916 1243 4435 1356 cardinalis,

1070 1366 1283 1454 editi
1344 1367 1894 1454 Pondiclzerii
1934 1366 2074 1451 die
2139 1371 2277 1474 23.
2327 1367 2579 1455 Junii
2644 1376 2926 1487 1704„
2975 1377 3410 1487 proposita
3468 1374 3562 1456 in
3626 1371 4436 1486 Congregationibus

1076 1487 1628 1576 Generalibus
1687 1491 1775 1576 S.
1838 1486 2143 1605 Officii
2184 1552 2209 1597 ‚
2287 1489 2600 1575 habitis
2677 1496 2771 1574 in
2838 1494 3269 1578 Conventa
3328 1492 3693 1577 Sanctae
3754 1489 4111 1576 Mariae
4168 1519 4431 1604 supra

1070 1608 1566 1696 Minervam
1646 1635 1935 1693 coram
2006 1607 2725 1695 Eminentissimis
2760 1672 2786 1717 ,
2848 1629 2931 1696 et
2979 1608 3714 1697 Reverendissimis
3762 1605 3971 1694 DD.
4019 1611 4114 1697 S.
4162 1611 4271 1696 R.
4323 1606 4434 1696 E.

1080 1727 1681 1814 Cardinalibus
1737 1729 2290 1815 Gener-atibus
2347 1729 3003 1848 Inquisitoribus
3030 1794 3056 1840 ,
3098 1732 3676 1847 praesentibus
3722 1728 3935 1814 DD.
4006 1727 4438 1813 Consulto·

1072 1850 1307 1932 ribus
1358 1846 1921 1963 insi-ascrzptis
1971 1847 2319 1934 diebus:
2381 1880 2632 1962 super
2694 1852 3001 1967 quibus
3074 1847 3355 1935 dubiis
3434 1847 3696 1934 iidem
3763 1844 4446 1938 Eminentissimi

1071 1981 1316 2056 suam
1355 1967 1889 2084 protulerunt
1934 1975 2439 2055 sententiam
2465 2032 2491 2077 ,
2547 1971 2800 2083 prout
2846 1966 3077 2086 irfia
3113 2033 3139 2077 ‚
3203 1965 3614 2055 videlicet.
4045 1993 4054 2000 '

1979 2091 2246 2177 Fet-ia
2295 2095 2376 2200 4.
2427 2087 2567 2174 die
2620 2120 2757 2175 21.
2807 2087 3216 2175 Ianuarii
3282 2090 3533 2205 1733.

1200 2208 1582 2296 Primum
1633 2206 2017 2298 Dubium
2054 2245 2073 2292 :
2140 2208 2291 2296 An
2322 2272 2347 2316 ‚
2400 2228 2484 2293 et
2529 2206 2942 2327 quomodo
2988 2209 3452 2296 Decretum
3498 2205 3707 2296 clar.
3744 2237 3991 2295 mem.
4043 2203 4443 2294 Eminen-

1082 2331 1398 2414 tissimi
1449 2327 1938 2416 Cardinalis
1998 2328 2102 2414 de
2158 2329 2244 2416 T
2234 2360 2556 2415 out-non
2601 2334 2712 2414 sit
2744 2326 3334 2449 exequendum
3392 2334 3496 2413 in
3530 2359 3635 2412 ea
3684 2345 3930 2442 parte
3964 2389 3989 2436 ,
4040 2327 4274 2444 'quae-
4313 2346 4442 2414 est

1080 2452 1393 2535 tenoris
1458 2455 1929 2568 sequentis:
1992 2449 2387 2537 Districte
2429 2447 3031 2565 prohibemus,
3094 2479 3203 2535 ne
3253 2447 3334 2534 in
3387 2445 3908 2564 baptizandis
3986 2468 4158 2532 tam
4231 2479 4439 2566 pue-

1078 2570 1187 2654 ris
1224 2630 1249 2675 ,
1317 2599 1572 2686 quam
1619 2567 1921 2655 adultis
1976 2574 2582 2688 cujuscumque
2657 2599 2894 2658 sexus
2927 2632 2961 2673 ,
3022 2588 3111 2657 et
3191 2565 3688 2660 conditionis
3758 2569 4249 2655 omittantur
4304 2568 4447 2656 Sa-

1077 2689 1662 2793 cramentalia',
1724 2689 1871 2776 sed
1921 2691 2194 2776 omnia
2242 2691 2519 2807 palam
2580 2685 3134 2776 adhibeantur
3167 2749 3192 2794 ,
3265 2708 3350 2775 et
3396 2692 3814 2803 signanter
3886 2688 4198 2793 saliva,
4265 2690 4378 2775 sal
4413 2754 4448 2796 ,

1072 2830 1159 2897 et
1206 2809 1625 2896 insuflatio
1654 2871 1679 2916 ,
1736 2815 1957 2927 ‘quae
2018 2840 2117 2912 ex
2163 2809 2637 2923 Apostolica
2685 2805 3126 2896 traditione
3177 2806 3581 2897 catholica
3649 2807 4028 2896 Ecclesia
4077 2810 4444 2924 recepit,

1076 2950 1162 3016 et
1209 2928 1321 3015 ob
1381 2927 1806 3016 recondita
1857 2934 1941 3014 in
2006 2932 2102 3014 iis
2152 2932 2398 3014 sacris
2450 2931 2935 3014 ceremoniis
2979 2926 3341 3016 Divinae
3390 2959 3578 3041 erga
3628 2929 3781 3018 nos
3825 2925 4220 3016 bonitatis
4267 2961 4448 3042 my-

1074 3051 1316 3134 steria
1347 3111 1377 3151 ,
1439 3069 1718 3132 sancte
1748 3109 1771 3152 ‚
1827 3070 1911 3132 et
1958 3047 2550 3134 inviolabiliter
2600 3046 3095 3153 custodivit,
3150 3044 3484 3136 decreto
3535 3048 3938 3153 Sanctae,
3977 3069 4062 3134 et
4086 3044 4449 3137 Univer-

1081 3166 1266 3252 salis
1320 3165 1885 3284 Inquisitionis
1936 3163 2043 3253 de
2103 3195 2324 3252 anno
2384 3164 2633 3255 1656.
2686 3198 2836 3282 pro
2886 3167 3101 3254 Sinis
3148 3164 3368 3256 facto
3428 3167 3539 3254 ob
3616 3167 3979 3259 diversas
4037 3168 4444 3280 rationes,

1079 3307 1165 3373 et
1219 3286 1874 3373 circumstantias
1935 3286 2284 3373 minime
2330 3284 2738 3373 obstante.

1196 3403 1881 3493 Eminentissimi
1924 3405 2385 3492 dixerunt:
2457 3403 3155 3497 Confirmandum
3216 3438 3389 3496 esse
3434 3405 3893 3494 Decretum
3941 3401 4451 3496 Eminentis-

1080 3529 1268 3615 simi
1352 3524 1813 3612 Cardinalis
1882 3524 1991 3613 de
2073 3527 2473 3612 Toumon
2512 3590 2544 3633 ‚
2604 3524 2749 3613 sed
2833 3525 3440 3618 consulendum
3531 3526 4063 3614 Sanctissimo
4096 3589 4128 3632 ‚
4219 3529 4454 3647 quod

1083 3648 1620 3735 Missionariis
1671 3644 2146 3758 Regnorum
2194 3644 2712 3761 Madurensis
2760 3710 2786 3755 ,
2848 3648 3444 3764 Mayssur'ensis
3480 3708 3505 3753 ,
3568 3669 3655 3735 et
3704 3645 4236 3734 Carnatensis
4284 3647 4452 3736 disa-

1079 3767 1647 3878 pensationem
1699 3763 2099 3854 concedat
2146 3762 2251 3850 ad
2301 3759 2806 3852 decennium
2857 3765 3397 3875 duraturam‘,
3449 3762 3888 3855 omittendi
3940 3769 4028 3852 in
4059 3763 4449 3857 'collatio'-

1081 3915 1189 3970 ne
1237 3885 1632 4002 Baptismi
1682 3886 2016 3974 salivam
2045 3948 2073 3995 ,
2138 3907 2222 3972 et
2266 3886 2593 3974 occulte
2646 3885 2937 3974 utendi
2987 3883 3657 3976 insuflationibus
3690 3947 3720 3992 ,
3782 3888 3873 3973 in
3925 3887 4250 3974 casibus
4315 3882 4449 3976 ta-

1079 4034 1274 4093 men
1327 4006 1962 4122 particularibus
1994 4068 2026 4111 ,
2086 4027 2172 4092 et
2218 4009 2306 4091 in
2376 4005 2684 4122 quibus
2744 4010 3014 4116 gravis
3061 4073 3093 4116 ‚
3157 4031 3243 4095 et
3314 4010 3929 4123 proportionata
4013 4013 4450 4128 necessitas

1083 4147 1373 4240 urgeat
1403 4190 1430 4234 ‚
1490 4158 1737 4242 super
1785 4158 1949 4244 qua
1985 4128 2485 4212 conscientia
2534 4125 3238 4214 Missionariorum
3289 4149 3677 4214 oneratur
3715 4161 3735 4211 ε
3776 4123 4449 4240 dummodonon

1080 4244 1465 4334 laborent
1517 4277 1790 4333 errore
1851 4243 2218 4331 habendi
2277 4244 2669 4352 salivam,
2755 4268 2839 4332 et
2910 4247 3370 4335 anhelitum
3406 4308 3431 4353 ,
3499 4270 3922 4366 tamquam
4007 4243 4440 4336 materiam

1082 4366 1499 4482 ineptam,
1561 4366 1689 4452 vel
1738 4367 2217 4481 incapacem
2270 4361 2375 4451 ad
2424 4362 3044 4453 inserviendum
3091 4365 4030 4482 pro'Sacramentalibus
4077 4397 4452 4455 ceremo-

1082 4486 1240 4571 niis
1291 4488 1376 4572 in
1430 4485 1846 4600 Baptismo
1881 4548 1907 4592 ,
1976 4507 2260 4599 utpote
2307 4487 2652 4588 om'nino
2695 4487 3144 4602 incapaces
3217 4487 3668 4603 Baptismi3
3732 4486 4050 4605 Eisqne
4126 4487 4448 4575 Missio-

1084 4607 1332 4692 uariis
1384 4602 1996 4720 injungendum
2032 4667 2058 4712 ,
2109 4628 2205 4690 ut
2255 4601 2620 4690 debitam
2672 4607 3302 4694 instructionem
3337 4668 3362 4713 ,
3429 4607 3793 4723 aliasque
3842 4631 4130 4693 omnes
4197 4612 4448 4721 possi·

1087 4723 1297 4813 biles
1349 4723 1809 4838 diligentias
1857 4721 2312 4811 adhibeant
2343 4784 2367 4829 ,
2430 4746 2526 4809 ut
2574 4726 2889 4812 aversio
2935 4726 3435 4842 populorum
3499 4757 3541 4810 a
3592 4727 3897 4832 saliva,
3962 4730 4449 4816 et'insufla-

1082 4844 1310 4932 tione
1358 4867 1834 4932 amoveatur
1867 4906 1892 4951 ‚
1958 4866 2042 4930 et
2090 4842 2196 4929 de
2246 4846 2846 4953 instructione,
2898 4845 3262 4965 aliisque¹
3292 4843 3742 4957 diligentiis
3797 4842 4196 4933 adhibitis
4227 4848 4450 4970 ¹San·-

1086 4988 1304 5052 ctam
1352 4962 1660 5052 Sedem
1722 4967 1934 5049 intra
1989 4987 2314 5076 tempus
2365 4961 2746 5050 decennii
2815 4969 3284 5054 certiorem.
3383 4967 3454 5028 ἰ
3581 4965 3590 4974 ’
3671 4996 3703 5034 -·
3841 5053 3854 5066 ,
4145 4969 4152 4978 “
4243 4983 4276 4996 ’“
4350 4960 4362 4972 ’

1100 5119 1109 5128 ·
1192 5085 1562 5198 ,Insuper
1609 5079 2070 5169 monendos
2132 5114 2307 5169 esse
2354 5083 2911 5171 Missionarios
2967 5114 3218 5200 super
3265 5087 3489 5198 gravi
3540 5083 4038 5195 negligentia
4108 5117 4290 5186 non,
4330 5121 4453 5181 re-

1091 5203 1480 5293 currendi
1533 5201 1639 5289 ad
1691 5200 2115 5291 s.·Sedem
2166 5233 2315 5318 pro
2367 5203 2821 5292 obtinenda
2867 5203 3262 5294 'facultate
3309 5201 3900 5323 dispensandi,
3968 5228 4051 5290 et
4102 5210 4317 5298 male
4367 5242 4454 5297 se

1086 5328 1416 5436 gessisse
1468 5324 1925 5437 Episcopus
2004 5319 2544 5410 concedendo
2619 5323 3130 5441 hujusmodi·
3166 5322 3854 5446 dispensationem
3893 5341 3938 5430 ,'
3987 5328 4452 5424 inconsulta

1089 5445 1562 5558 ApostoIica
1619 5440 1858 5530 Sede.
2859 5449 2868 5458 ’
3473 5445 3482 5454 ’
3777 5471 3784 5476 ·
4011 5509 4020 5516 -
4102 5500 4112 5508 -
4333 5531 4342 5539 l

1211 5561 1697 5653 Secundum
1761 5561 2117 5650 dubium
2166 5594 2190 5648 t
2254 5561 2461 5674 And,
2519 5569 2638 5650 et'
2683 5564 3092 5685 quomodo
3163 5564 3488 5656 dictum
3570 5562 4028 5660 Decretum
4086 5573 4199 5655 sit
4251 5599 4455 5657 exe-
