<?xml version="1.0" encoding="UTF-8"?>
<!DOCTYPE html PUBLIC "-//W3C//DTD XHTML 1.0 Transitional//EN"
    "http://www.w3.org/TR/xhtml1/DTD/xhtml1-transitional.dtd">
<html xmlns="http://www.w3.org/1999/xhtml" xml:lang="en" lang="en">
 <head>
  <title>
</title>
<meta http-equiv="Content-Type" content="text/html;charset=utf-8" />
  <meta name='ocr-system' content='tesseract 3.04.00' />
  <meta name='ocr-capabilities' content='ocr_page ocr_carea ocr_par ocr_line ocrx_word'/>
</head>
<body>
  <div class='ocr_page' id='page_1' title='image "./bullariumpontif00fidegoog_0285.png"; bbox 0 0 4834 6409; ppageno 0'>
   <div class='ocr_carea' id='block_1_1' title="bbox 332 486 3805 4668">
    <p class='ocr_par' dir='ltr' id='par_1_1' title="bbox 332 486 3805 4668">
     <span class='ocr_line' id='line_1_1' title="bbox 3619 486 3792 575; baseline -0.006 0"><span class='ocrx_word' id='word_1_1' title='bbox 3619 489 3669 575; x_wconf 73' lang='lat'><strong>²2</strong></span> <span class='ocrx_word' id='word_1_2' title='bbox 3733 486 3792 574; x_wconf 78' lang='lat'><strong>5</strong></span> 
     </span>
     <span class='ocr_line' id='line_1_2' title="bbox 418 522 3799 735; baseline -0.003 -31"><span class='ocrx_word' id='word_1_3' title='bbox 418 603 576 705; x_wconf 55' lang='lat' dir='ltr'><strong>“ne&#39;s</strong></span> <span class='ocrx_word' id='word_1_4' title='bbox 627 615 1086 735; x_wconf 60' lang='lat' dir='ltr'><strong>excipianb‘</strong></span> <span class='ocrx_word' id='word_1_5' title='bbox 1120 610 1469 698; x_wconf 77' lang='lat' dir='ltr'><strong>Sacram·</strong></span> <span class='ocrx_word' id='word_1_6' title='bbox 1499 600 2200 697; x_wconf 79' lang='lat' dir='ltr'><strong>Communionem</strong></span> <span class='ocrx_word' id='word_1_7' title='bbox 2261 630 2541 699; x_wconf 88' lang='lat' dir='ltr'><strong>tamen</strong></span> <span class='ocrx_word' id='word_1_8' title='bbox 2563 606 2679 697; x_wconf 75' lang='lat' dir='ltr'><strong>&#39;in</strong></span> <span class='ocrx_word' id='word_1_9' title='bbox 2717 602 2910 693; x_wconf 78' lang='lat' dir='ltr'><strong>‘sola&#39;</strong></span> <span class='ocrx_word' id='word_1_10' title='bbox 2929 603 3307 693; x_wconf 81' lang='lat' dir='ltr'><strong>Ecclesia</strong></span> <span class='ocrx_word' id='word_1_11' title='bbox 3338 611 3552 693; x_wconf 75' lang='lat' dir='ltr'><strong>su‘ae</strong></span> <span class='ocrx_word' id='word_1_12' title='bbox 3590 522 3799 695; x_wconf 65' lang='lat' dir='ltr'><strong>Mis·-</strong></span> 
     </span>
     <span class='ocr_line' id='line_1_3' title="bbox 425 725 3805 846; baseline -0.002 -24"><span class='ocrx_word' id='word_1_13' title='bbox 425 730 676 824; x_wconf 88' lang='lat' dir='ltr'><strong>sionis</strong></span> <span class='ocrx_word' id='word_1_14' title='bbox 726 738 759 846; x_wconf 68' lang='lat'><strong>,‘</strong></span> <span class='ocrx_word' id='word_1_15' title='bbox 836 742 1061 825; x_wconf 83' lang='lat' dir='ltr'><strong>&#39;extra</strong></span> <span class='ocrx_word' id='word_1_16' title='bbox 1126 733 1357 819; x_wconf 88' lang='lat' dir='ltr'><strong>illam</strong></span> <span class='ocrx_word' id='word_1_17' title='bbox 1404 761 1603 819; x_wconf 86' lang='lat' dir='ltr'><strong>vero</strong></span> <span class='ocrx_word' id='word_1_18' title='bbox 1663 756 1838 816; x_wconf 87' lang='lat' dir='ltr'><strong>non</strong></span> <span class='ocrx_word' id='word_1_19' title='bbox 1888 734 2046 817; x_wconf 88' lang='lat' dir='ltr'><strong>nisi</strong></span> <span class='ocrx_word' id='word_1_20' title='bbox 2107 729 2213 817; x_wconf 92' lang='lat' dir='ltr'><strong>de</strong></span> <span class='ocrx_word' id='word_1_21' title='bbox 2272 732 2604 818; x_wconf 80' lang='lat' dir='ltr'><strong>licentia</strong></span> <span class='ocrx_word' id='word_1_22' title='bbox 2648 728 3006 815; x_wconf 76' lang='lat' dir='ltr'><strong>&#39;Pastoris</strong></span> <span class='ocrx_word' id='word_1_23' title='bbox 3059 725 3481 812; x_wconf 72' lang='lat' dir='ltr'><strong>Ordinari&#39;i</strong></span> <span class='ocrx_word' id='word_1_24' title='bbox 3531 725 3805 831; x_wconf 82' lang='lat' dir='ltr'><strong>distri·</strong></span> 
     </span>
     <span class='ocr_line' id='line_1_4' title="bbox 424 844 3802 966; baseline -0.002 -25"><span class='ocrx_word' id='word_1_25' title='bbox 424 854 717 943; x_wconf 88' lang='lat' dir='ltr'><strong>buant.</strong></span> <span class='ocrx_word' id='word_1_26' title='bbox 770 854 1144 943; x_wconf 85' lang='lat' dir='ltr'><strong>Paschali</strong></span> <span class='ocrx_word' id='word_1_27' title='bbox 1194 849 1507 937; x_wconf 79' lang='lat' dir='ltr'>ibidem</span> <span class='ocrx_word' id='word_1_28' title='bbox 1555 873 1940 966; x_wconf 39' lang='lat' dir='ltr'><strong>tempore*</strong></span> <span class='ocrx_word' id='word_1_29' title='bbox 1971 882 2258 940; x_wconf 89' lang='lat' dir='ltr'><strong>omnes</strong></span> <span class='ocrx_word' id='word_1_30' title='bbox 2306 856 2443 937; x_wconf 85' lang='lat' dir='ltr'><strong>sui·</strong></span> <span class='ocrx_word' id='word_1_31' title='bbox 2481 847 2903 937; x_wconf 86' lang='lat' dir='ltr'><strong>districtus</strong></span> <span class='ocrx_word' id='word_1_32' title='bbox 2947 844 3323 965; x_wconf 77' lang='lat' dir='ltr'><strong>&#39;subditos</strong></span> <span class='ocrx_word' id='word_1_33' title='bbox 3374 877 3536 962; x_wconf 90' lang='lat' dir='ltr'><strong>pro.</strong></span> <span class='ocrx_word' id='word_1_34' title='bbox 3573 847 3802 946; x_wconf 52' lang='lat' dir='ltr'><strong>Con}</strong></span> 
     </span>
     <span class='ocr_line' id='line_1_5' title="bbox 425 965 3802 1087; baseline 0 -27"><span class='ocrx_word' id='word_1_35' title='bbox 425 974 778 1063; x_wconf 84' lang='lat' dir='ltr'><strong>sessione</strong></span> <span class='ocrx_word' id='word_1_36' title='bbox 815 1037 839 1082; x_wconf 95' lang='lat'><strong>,</strong></span> <span class='ocrx_word' id='word_1_37' title='bbox 905 1007 999 1062; x_wconf 90' lang='lat' dir='ltr'><strong>ac</strong></span> <span class='ocrx_word' id='word_1_38' title='bbox 1047 972 1661 1059; x_wconf 84' lang='lat' dir='ltr'><strong>Communione</strong></span> <span class='ocrx_word' id='word_1_39' title='bbox 1725 966 1828 1055; x_wconf 89' lang='lat' dir='ltr'><strong>ad</strong></span> <span class='ocrx_word' id='word_1_40' title='bbox 1874 968 2373 1058; x_wconf 67' lang='lat' dir='ltr'><strong>&#39;Ordinarios</strong></span> <span class='ocrx_word' id='word_1_41' title='bbox 2447 1002 2638 1087; x_wconf 74' lang='lat' dir='ltr'><strong>suos</strong></span> <span class='ocrx_word' id='word_1_42' title='bbox 2697 968 3049 1054; x_wconf 79' lang='lat' dir='ltr'><strong>Curatos</strong></span> <span class='ocrx_word' id='word_1_43' title='bbox 3108 965 3647 1077; x_wconf 62' lang='lat' dir='ltr'><strong>indistincte,</strong></span> <span class='ocrx_word' id='word_1_44' title='bbox 3712 965 3802 1061; x_wconf 79' lang='lat' dir='ltr'><strong>et</strong></span> 
     </span>
     <span class='ocr_line' id='line_1_6' title="bbox 428 1088 3799 1210; baseline -0.001 -32"><span class='ocrx_word' id='word_1_45' title='bbox 428 1096 605 1183; x_wconf 88' lang='lat' dir='ltr'><strong>sine</strong></span> <span class='ocrx_word' id='word_1_46' title='bbox 656 1097 1131 1210; x_wconf 79' lang='lat' dir='ltr'><strong>exceptione</strong></span> <span class='ocrx_word' id='word_1_47' title='bbox 1181 1093 1625 1207; x_wconf 82' lang='lat' dir='ltr'><strong>remittant.</strong></span> <span class='ocrx_word' id='word_1_48' title='bbox 1676 1090 2104 1177; x_wconf 89' lang='lat' dir='ltr'><strong>Praeterea</strong></span> <span class='ocrx_word' id='word_1_49' title='bbox 2165 1088 2534 1178; x_wconf 84' lang='lat' dir='ltr'><strong>infirmos</strong></span> <span class='ocrx_word' id='word_1_50' title='bbox 2581 1094 2900 1204; x_wconf 86' lang='lat' dir='ltr'><strong>saepius</strong></span> <span class='ocrx_word' id='word_1_51' title='bbox 2950 1090 3307 1175; x_wconf 88' lang='lat' dir='ltr'><strong>invisant</strong></span> <span class='ocrx_word' id='word_1_52' title='bbox 3341 1152 3366 1195; x_wconf 99' lang='lat'><strong>,</strong></span> <span class='ocrx_word' id='word_1_53' title='bbox 3432 1118 3529 1173; x_wconf 88' lang='lat' dir='ltr'><strong>ac</strong></span> <span class='ocrx_word' id='word_1_54' title='bbox 3581 1090 3799 1176; x_wconf 78' lang='lat' dir='ltr'><strong>&#39;sola&#39;-</strong></span> 
     </span>
     <span class='ocr_line' id='line_1_7' title="bbox 428 1203 3793 1330; baseline -0.001 -31"><span class='ocrx_word' id='word_1_55' title='bbox 428 1215 547 1299; x_wconf 84' lang='lat' dir='ltr'><strong>tio</strong></span> <span class='ocrx_word' id='word_1_56' title='bbox 607 1203 1003 1300; x_wconf 80' lang='lat' dir='ltr'><strong>reficiant.</strong></span> <span class='ocrx_word' id='word_1_57' title='bbox 1062 1209 1589 1297; x_wconf 85' lang='lat' dir='ltr'><strong>Moribundis</strong></span> <span class='ocrx_word' id='word_1_58' title='bbox 1642 1240 1977 1330; x_wconf 89' lang='lat' dir='ltr'><strong>quoque</strong></span> <span class='ocrx_word' id='word_1_59' title='bbox 2022 1206 2402 1329; x_wconf 84' lang='lat' dir='ltr'><strong>(absque</strong></span> <span class='ocrx_word' id='word_1_60' title='bbox 2467 1211 3000 1326; x_wconf 81' lang='lat' dir='ltr'><strong>usurpatione</strong></span> <span class='ocrx_word' id='word_1_61' title='bbox 3051 1220 3324 1294; x_wconf 83' lang='lat' dir='ltr'><strong>tamen</strong></span> <span class='ocrx_word' id='word_1_62' title='bbox 3375 1210 3577 1321; x_wconf 84' lang='lat' dir='ltr'><strong>juris</strong></span> <span class='ocrx_word' id='word_1_63' title='bbox 3631 1209 3793 1298; x_wconf 80' lang='lat' dir='ltr'><strong>Pa-</strong></span> 
     </span>
     <span class='ocr_line' id='line_1_8' title="bbox 428 1326 3796 1447; baseline -0.002 -24"><span class='ocrx_word' id='word_1_64' title='bbox 428 1333 808 1423; x_wconf 79' lang='lat' dir='ltr'><strong>&#39;rochialis</strong></span> <span class='ocrx_word' id='word_1_65' title='bbox 847 1398 870 1439; x_wconf 87' lang='lat'><strong>,</strong></span> <span class='ocrx_word' id='word_1_66' title='bbox 934 1334 1069 1418; x_wconf 86' lang='lat' dir='ltr'><strong>vel</strong></span> <span class='ocrx_word' id='word_1_67' title='bbox 1138 1329 1689 1447; x_wconf 81' lang='lat' dir='ltr'><strong>Sepulturae)</strong></span> <span class='ocrx_word' id='word_1_68' title='bbox 1750 1329 2591 1419; x_wconf 86' lang='lat' dir='ltr'><strong>christiana&#39;caritate</strong></span> <span class='ocrx_word' id='word_1_69' title='bbox 2672 1332 3104 1432; x_wconf 85' lang='lat' dir='ltr'><strong>assistant,</strong></span> <span class='ocrx_word' id='word_1_70' title='bbox 3166 1326 3653 1419; x_wconf 56' lang='lat' dir='ltr'><strong>acssdetrmm</strong></span> <span class='ocrx_word' id='word_1_71' title='bbox 3702 1332 3796 1417; x_wconf 76' lang='lat' dir='ltr'><strong>in</strong></span> 
     </span>
     <span class='ocr_line' id='line_1_9' title="bbox 428 1444 3805 1570; baseline 0.001 -36"><span class='ocrx_word' id='word_1_72' title='bbox 428 1450 610 1556; x_wconf 79' lang='lat' dir='ltr'><strong>his,</strong></span> <span class='ocrx_word' id='word_1_73' title='bbox 673 1454 1021 1570; x_wconf 88' lang='lat' dir='ltr'><strong>aliisque</strong></span> <span class='ocrx_word' id='word_1_74' title='bbox 1072 1450 1435 1536; x_wconf 83' lang='lat' dir='ltr'><strong>articulis</strong></span> <span class='ocrx_word' id='word_1_75' title='bbox 1482 1449 2050 1564; x_wconf 89' lang='lat' dir='ltr'><strong>Apostolicum</strong></span> <span class='ocrx_word' id='word_1_76' title='bbox 2134 1453 2545 1539; x_wconf 87' lang='lat' dir='ltr'><strong>Missionis</strong></span> <span class='ocrx_word' id='word_1_77' title='bbox 2607 1480 2914 1535; x_wconf 89' lang='lat' dir='ltr'><strong>munus</strong></span> <span class='ocrx_word' id='word_1_78' title='bbox 2981 1444 3452 1537; x_wconf 60' lang='lat' dir='ltr'><strong>‘secundum</strong></span> <span class='ocrx_word' id='word_1_79' title='bbox 3530 1466 3805 1539; x_wconf 73' lang='lat' dir='ltr'><strong>essen-.-</strong></span> 
     </span>
     <span class='ocr_line' id='line_1_10' title="bbox 426 1565 3801 1686; baseline 0.001 -31"><span class='ocrx_word' id='word_1_80' title='bbox 426 1573 626 1661; x_wconf 84' lang='lat' dir='ltr'><strong>tiam</strong></span> <span class='ocrx_word' id='word_1_81' title='bbox 668 1635 697 1675; x_wconf 94' lang='lat'><strong>,</strong></span> <span class='ocrx_word' id='word_1_82' title='bbox 759 1598 842 1659; x_wconf 91' lang='lat' dir='ltr'><strong>et</strong></span> <span class='ocrx_word' id='word_1_83' title='bbox 889 1574 1467 1686; x_wconf 78' lang='lat' dir='ltr'><strong>proprietatem</strong></span> <span class='ocrx_word' id='word_1_84' title='bbox 1516 1601 1752 1654; x_wconf 88' lang='lat' dir='ltr'><strong>suam</strong></span> <span class='ocrx_word' id='word_1_85' title='bbox 1802 1565 2204 1657; x_wconf 86' lang='lat' dir='ltr'><strong>indefesse</strong></span> <span class='ocrx_word' id='word_1_86' title='bbox 2255 1568 2782 1686; x_wconf 83' lang='lat' dir='ltr'><strong>adimpleant.</strong></span> <span class='ocrx_word' id='word_1_87' title='bbox 2868 1569 3353 1657; x_wconf 83' lang='lat' dir='ltr'><strong>Praesertim</strong></span> <span class='ocrx_word' id='word_1_88' title='bbox 3417 1592 3617 1654; x_wconf 85' lang='lat' dir='ltr'><strong>vero</strong></span> <span class='ocrx_word' id='word_1_89' title='bbox 3677 1571 3801 1657; x_wconf 87' lang='lat' dir='ltr'><strong>v&#39;i-</strong></span> 
     </span>
     <span class='ocr_line' id='line_1_11' title="bbox 427 1687 3801 1799; baseline 0 -27"><span class='ocrx_word' id='word_1_90' title='bbox 427 1691 731 1799; x_wconf 78' lang='lat' dir='ltr'><strong>gilanti·</strong></span> <span class='ocrx_word' id='word_1_91' title='bbox 777 1691 1060 1796; x_wconf 87' lang='lat' dir='ltr'><strong>oculo,</strong></span> <span class='ocrx_word' id='word_1_92' title='bbox 1127 1713 1209 1775; x_wconf 91' lang='lat' dir='ltr'><strong>et</strong></span> <span class='ocrx_word' id='word_1_93' title='bbox 1258 1711 1632 1774; x_wconf 88' lang='lat' dir='ltr'><strong>accurata</strong></span> <span class='ocrx_word' id='word_1_94' title='bbox 1685 1694 2134 1776; x_wconf 88' lang='lat' dir='ltr'><strong>attentione</strong></span> <span class='ocrx_word' id='word_1_95' title='bbox 2183 1688 2381 1777; x_wconf 89' lang='lat' dir='ltr'><strong>hinc</strong></span> <span class='ocrx_word' id='word_1_96' title='bbox 2430 1688 2625 1775; x_wconf 89' lang='lat' dir='ltr'><strong>inde</strong></span> <span class='ocrx_word' id='word_1_97' title='bbox 2691 1690 3134 1776; x_wconf 81' lang='lat' dir='ltr'><strong>observent</strong></span> <span class='ocrx_word' id='word_1_98' title='bbox 3183 1690 3544 1775; x_wconf 83' lang='lat' dir='ltr'><strong>actiones</strong></span> <span class='ocrx_word' id='word_1_99' title='bbox 3575 1687 3801 1775; x_wconf 72' lang='lat' dir='ltr'><strong>sub·</strong></span> 
     </span>
     <span class='ocr_line' id='line_1_12' title="bbox 428 1804 3801 1926; baseline 0.001 -34"><span class='ocrx_word' id='word_1_100' title='bbox 428 1808 791 1894; x_wconf 87' lang='lat' dir='ltr'><strong>ditorum</strong></span> <span class='ocrx_word' id='word_1_101' title='bbox 846 1842 1011 1895; x_wconf 92' lang='lat' dir='ltr'><strong>non</strong></span> <span class='ocrx_word' id='word_1_102' title='bbox 1065 1811 1392 1913; x_wconf 90' lang='lat' dir='ltr'><strong>minus,</strong></span> <span class='ocrx_word' id='word_1_103' title='bbox 1447 1840 1541 1919; x_wconf 84' lang='lat' dir='ltr'><strong>ac</strong></span> <span class='ocrx_word' id='word_1_104' title='bbox 1604 1839 1892 1895; x_wconf 88' lang='lat' dir='ltr'><strong>eorum</strong></span> <span class='ocrx_word' id='word_1_105' title='bbox 1949 1809 2253 1926; x_wconf 90' lang='lat' dir='ltr'><strong>quibus</strong></span> <span class='ocrx_word' id='word_1_106' title='bbox 2306 1810 2423 1895; x_wconf 88' lang='lat' dir='ltr'><strong>illi</strong></span> <span class='ocrx_word' id='word_1_107' title='bbox 2482 1842 2525 1895; x_wconf 90' lang='lat' dir='ltr'><strong>a</strong></span> <span class='ocrx_word' id='word_1_108' title='bbox 2587 1807 2850 1893; x_wconf 88' lang='lat' dir='ltr'><strong>Nobis</strong></span> <span class='ocrx_word' id='word_1_109' title='bbox 2897 1834 3090 1895; x_wconf 87' lang='lat' dir='ltr'><strong>sunt</strong></span> <span class='ocrx_word' id='word_1_110' title='bbox 3131 1804 3650 1917; x_wconf 54' lang='lat' dir='ltr'><strong>‘concrediti3</strong></span> <span class='ocrx_word' id='word_1_111' title='bbox 3711 1822 3801 1895; x_wconf 79' lang='lat' dir='ltr'><strong>et</strong></span> 
     </span>
     <span class='ocr_line' id='line_1_13' title="bbox 428 1924 3793 2046; baseline 0.001 -35"><span class='ocrx_word' id='word_1_112' title='bbox 428 1926 840 2046; x_wconf 88' lang='lat' dir='ltr'><strong>siquidem</strong></span> <span class='ocrx_word' id='word_1_113' title='bbox 895 1928 1333 2013; x_wconf 86' lang='lat' dir='ltr'><strong>nonnullos</strong></span> <span class='ocrx_word' id='word_1_114' title='bbox 1384 1924 1754 2014; x_wconf 86' lang='lat' dir='ltr'><strong>defectus</strong></span> <span class='ocrx_word' id='word_1_115' title='bbox 1781 1990 1811 2030; x_wconf 90' lang='lat'><strong>,</strong></span> <span class='ocrx_word' id='word_1_116' title='bbox 1870 1932 2004 2014; x_wconf 89' lang='lat' dir='ltr'><strong>vel</strong></span> <span class='ocrx_word' id='word_1_117' title='bbox 2056 1960 2364 2014; x_wconf 89' lang='lat' dir='ltr'><strong>errores</strong></span> <span class='ocrx_word' id='word_1_118' title='bbox 2415 1925 3171 2041; x_wconf 68' lang='lat' dir='ltr'><strong>deprehenderint,</strong></span> <span class='ocrx_word' id='word_1_119' title='bbox 3240 1930 3387 2045; x_wconf 87' lang='lat' dir='ltr'><strong>qui</strong></span> <span class='ocrx_word' id='word_1_120' title='bbox 3438 1924 3793 2037; x_wconf 63' lang='lat' dir='ltr'><strong>Religio-</strong></span> 
     </span>
     <span class='ocr_line' id='line_1_14' title="bbox 429 2043 3795 2165; baseline -0.001 -33"><span class='ocrx_word' id='word_1_121' title='bbox 429 2049 513 2132; x_wconf 90' lang='lat' dir='ltr'><strong>ni</strong></span> <span class='ocrx_word' id='word_1_122' title='bbox 569 2079 907 2165; x_wconf 85' lang='lat' dir='ltr'><strong>quoquo</strong></span> <span class='ocrx_word' id='word_1_123' title='bbox 959 2047 1208 2134; x_wconf 92' lang='lat' dir='ltr'><strong>modo</strong></span> <span class='ocrx_word' id='word_1_124' title='bbox 1255 2077 1401 2134; x_wconf 91' lang='lat' dir='ltr'><strong>seu</strong></span> <span class='ocrx_word' id='word_1_125' title='bbox 1451 2046 1806 2134; x_wconf 88' lang='lat' dir='ltr'><strong>mediate</strong></span> <span class='ocrx_word' id='word_1_126' title='bbox 1856 2107 1880 2150; x_wconf 91' lang='lat'><strong>,</strong></span> <span class='ocrx_word' id='word_1_127' title='bbox 1933 2080 2075 2136; x_wconf 89' lang='lat' dir='ltr'><strong>seu</strong></span> <span class='ocrx_word' id='word_1_128' title='bbox 2127 2046 2602 2136; x_wconf 88' lang='lat' dir='ltr'><strong>immediate</strong></span> <span class='ocrx_word' id='word_1_129' title='bbox 2652 2051 3303 2155; x_wconf 83' lang='lat' dir='ltr'><strong>contrarientur,</strong></span> <span class='ocrx_word' id='word_1_130' title='bbox 3372 2043 3795 2133; x_wconf 79' lang='lat' dir='ltr'><strong>defectuo-</strong></span> 
     </span>
     <span class='ocr_line' id='line_1_15' title="bbox 427 2164 3785 2281; baseline 0 -31"><span class='ocrx_word' id='word_1_131' title='bbox 427 2198 555 2251; x_wconf 91' lang='lat' dir='ltr'><strong>sos</strong></span> <span class='ocrx_word' id='word_1_132' title='bbox 615 2191 949 2281; x_wconf 80' lang='lat' dir='ltr'><strong>paterna</strong></span> <span class='ocrx_word' id='word_1_133' title='bbox 1003 2165 1565 2253; x_wconf 89' lang='lat' dir='ltr'><strong>admonitione</strong></span> <span class='ocrx_word' id='word_1_134' title='bbox 1650 2166 2129 2274; x_wconf 88' lang='lat' dir='ltr'><strong>retrahant,</strong></span> <span class='ocrx_word' id='word_1_135' title='bbox 2196 2167 2351 2254; x_wconf 89' lang='lat' dir='ltr'><strong>hac</strong></span> <span class='ocrx_word' id='word_1_136' title='bbox 2429 2198 2624 2256; x_wconf 90' lang='lat' dir='ltr'><strong>vero</strong></span> <span class='ocrx_word' id='word_1_137' title='bbox 2685 2197 2850 2252; x_wconf 89' lang='lat' dir='ltr'><strong>non</strong></span> <span class='ocrx_word' id='word_1_138' title='bbox 2914 2165 3396 2280; x_wconf 84' lang='lat' dir='ltr'><strong>proficiente</strong></span> <span class='ocrx_word' id='word_1_139' title='bbox 3459 2164 3785 2276; x_wconf 73' lang='lat' dir='ltr'><strong>Nobis5</strong></span> 
     </span>
     <span class='ocr_line' id='line_1_16' title="bbox 427 2283 3793 2404; baseline 0.002 -35"><span class='ocrx_word' id='word_1_140' title='bbox 427 2286 564 2371; x_wconf 90' lang='lat' dir='ltr'><strong>vel</strong></span> <span class='ocrx_word' id='word_1_141' title='bbox 596 2291 907 2391; x_wconf 42' lang='lat' dir='ltr'><strong>,nostris</strong></span> <span class='ocrx_word' id='word_1_142' title='bbox 974 2287 1596 2372; x_wconf 89' lang='lat' dir='ltr'><strong>Successoribus</strong></span> <span class='ocrx_word' id='word_1_143' title='bbox 1659 2287 1973 2404; x_wconf 89' lang='lat' dir='ltr'><strong>absque</strong></span> <span class='ocrx_word' id='word_1_144' title='bbox 2056 2291 2533 2401; x_wconf 88' lang='lat' dir='ltr'><strong>acceptione</strong></span> <span class='ocrx_word' id='word_1_145' title='bbox 2616 2316 3150 2401; x_wconf 86' lang='lat' dir='ltr'><strong>personarum</strong></span> <span class='ocrx_word' id='word_1_146' title='bbox 3246 2283 3351 2370; x_wconf 90' lang='lat' dir='ltr'><strong>ad</strong></span> <span class='ocrx_word' id='word_1_147' title='bbox 3429 2288 3793 2401; x_wconf 82' lang='lat' dir='ltr'><strong>proprias</strong></span> 
     </span>
     <span class='ocr_line' id='line_1_17' title="bbox 430 2403 3792 2514; baseline 0.002 -26"><span class='ocrx_word' id='word_1_148' title='bbox 430 2436 722 2490; x_wconf 89' lang='lat' dir='ltr'><strong>manus</strong></span> <span class='ocrx_word' id='word_1_149' title='bbox 771 2406 1342 2492; x_wconf 84' lang='lat' dir='ltr'><strong>transcribant.</strong></span> <span class='ocrx_word' id='word_1_150' title='bbox 1407 2403 2139 2514; x_wconf 87' lang='lat' dir='ltr'><strong>Quemadmodum</strong></span> <span class='ocrx_word' id='word_1_151' title='bbox 2191 2437 2238 2493; x_wconf 92' lang='lat' dir='ltr'><strong>e</strong></span> <span class='ocrx_word' id='word_1_152' title='bbox 2308 2431 2592 2493; x_wconf 90' lang='lat' dir='ltr'><strong>contra</strong></span> <span class='ocrx_word' id='word_1_153' title='bbox 2645 2430 3016 2492; x_wconf 89' lang='lat' dir='ltr'><strong>nostrum</strong></span> <span class='ocrx_word' id='word_1_154' title='bbox 3077 2405 3514 2492; x_wconf 88' lang='lat' dir='ltr'><strong>Decanum</strong></span> <span class='ocrx_word' id='word_1_155' title='bbox 3565 2437 3792 2495; x_wconf 88' lang='lat' dir='ltr'><strong>rura-</strong></span> 
     </span>
     <span class='ocr_line' id='line_1_18' title="bbox 434 2522 3793 2644; baseline 0.003 -38"><span class='ocrx_word' id='word_1_156' title='bbox 434 2523 597 2608; x_wconf 84' lang='lat' dir='ltr'><strong>lem</strong></span> <span class='ocrx_word' id='word_1_157' title='bbox 674 2522 787 2608; x_wconf 70' lang='lat' dir='ltr'><strong>ad&#39;</strong></span> <span class='ocrx_word' id='word_1_158' title='bbox 857 2523 939 2609; x_wconf 92' lang='lat' dir='ltr'><strong>id</strong></span> <span class='ocrx_word' id='word_1_159' title='bbox 1024 2528 1321 2613; x_wconf 89' lang='lat' dir='ltr'><strong>instrui</strong></span> <span class='ocrx_word' id='word_1_160' title='bbox 1384 2526 1858 2611; x_wconf 86' lang='lat' dir='ltr'><strong>curabimus</strong></span> <span class='ocrx_word' id='word_1_161' title='bbox 1919 2549 2329 2644; x_wconf 86' lang='lat' dir='ltr'><strong>quatenus</strong></span> <span class='ocrx_word' id='word_1_162' title='bbox 2401 2526 2776 2611; x_wconf 88' lang='lat' dir='ltr'><strong>similiter</strong></span> <span class='ocrx_word' id='word_1_163' title='bbox 2859 2525 3288 2635; x_wconf 84' lang='lat' dir='ltr'><strong>invigilet,</strong></span> <span class='ocrx_word' id='word_1_164' title='bbox 3350 2546 3436 2611; x_wconf 88' lang='lat' dir='ltr'><strong>et</strong></span> <span class='ocrx_word' id='word_1_165' title='bbox 3489 2526 3793 2638; x_wconf 83' lang='lat' dir='ltr'><strong>jugiter</strong></span> 
     </span>
     <span class='ocr_line' id='line_1_19' title="bbox 332 2641 3790 2760; baseline 0.003 -35"><span class='ocrx_word' id='word_1_166' title='bbox 332 2651 336 2654; x_wconf 48' lang='lat'><strong>⁴</strong></span> <span class='ocrx_word' id='word_1_167' title='bbox 427 2643 866 2752; x_wconf 83' lang='lat' dir='ltr'><strong>observet,</strong></span> <span class='ocrx_word' id='word_1_168' title='bbox 932 2677 1031 2728; x_wconf 90' lang='lat' dir='ltr'><strong>an</strong></span> <span class='ocrx_word' id='word_1_169' title='bbox 1087 2676 1186 2730; x_wconf 85' lang='lat' dir='ltr'><strong>ex</strong></span> <span class='ocrx_word' id='word_1_170' title='bbox 1252 2667 1483 2760; x_wconf 86' lang='lat' dir='ltr'><strong>parte</strong></span> <span class='ocrx_word' id='word_1_171' title='bbox 1531 2641 2181 2757; x_wconf 82' lang='lat' dir='ltr'><strong>saepedictorum</strong></span> <span class='ocrx_word' id='word_1_172' title='bbox 2247 2647 2410 2729; x_wconf 89' lang='grc' dir='ltr'><strong>ΡΡ.</strong></span> <span class='ocrx_word' id='word_1_173' title='bbox 2490 2644 3248 2751; x_wconf 85' lang='lat' dir='ltr'><strong>Missionariorum,</strong></span> <span class='ocrx_word' id='word_1_174' title='bbox 3314 2646 3790 2757; x_wconf 81' lang='lat' dir='ltr'><strong>injunctum</strong></span> 
     </span>
     <span class='ocr_line' id='line_1_20' title="bbox 425 2760 3794 2877; baseline 0.003 -33"><span class='ocrx_word' id='word_1_175' title='bbox 425 2760 841 2848; x_wconf 88' lang='lat' dir='ltr'><strong>Missionis</strong></span> <span class='ocrx_word' id='word_1_176' title='bbox 892 2761 1270 2849; x_wconf 84' lang='lat' dir='ltr'><strong>officium</strong></span> <span class='ocrx_word' id='word_1_177' title='bbox 1336 2766 1652 2873; x_wconf 81' lang='lat' dir='ltr'><strong>integre</strong></span> <span class='ocrx_word' id='word_1_178' title='bbox 1700 2762 2188 2877; x_wconf 83' lang='lat' dir='ltr'><strong>impleatur,</strong></span> <span class='ocrx_word' id='word_1_179' title='bbox 2254 2786 2340 2850; x_wconf 89' lang='lat' dir='ltr'><strong>et</strong></span> <span class='ocrx_word' id='word_1_180' title='bbox 2387 2766 2502 2848; x_wconf 84' lang='lat' dir='ltr'><strong>in.</strong></span> <span class='ocrx_word' id='word_1_181' title='bbox 2537 2762 2696 2849; x_wconf 88' lang='lat' dir='ltr'><strong>hoc</strong></span> <span class='ocrx_word' id='word_1_182' title='bbox 2744 2760 3248 2849; x_wconf 86' lang='lat' dir='ltr'><strong>fundationis</strong></span> <span class='ocrx_word' id='word_1_183' title='bbox 3295 2767 3794 2855; x_wconf 85' lang='lat' dir='ltr'><strong>instrumen-</strong></span> 
     </span>
     <span class='ocr_line' id='line_1_21' title="bbox 426 2878 3792 2997; baseline 0.003 -32"><span class='ocrx_word' id='word_1_184' title='bbox 426 2903 516 2965; x_wconf 88' lang='lat' dir='ltr'><strong>to</strong></span> <span class='ocrx_word' id='word_1_185' title='bbox 583 2885 1130 2994; x_wconf 80' lang='lat' dir='ltr'><strong>praescriptae</strong></span> <span class='ocrx_word' id='word_1_186' title='bbox 1213 2878 1727 2968; x_wconf 89' lang='lat' dir='ltr'><strong>conditiones</strong></span> <span class='ocrx_word' id='word_1_187' title='bbox 1810 2886 2268 2996; x_wconf 90' lang='lat' dir='ltr'><strong>punctatim</strong></span> <span class='ocrx_word' id='word_1_188' title='bbox 2330 2914 2576 2996; x_wconf 92' lang='lat' dir='ltr'><strong>opere</strong></span> <span class='ocrx_word' id='word_1_189' title='bbox 2654 2881 3267 2992; x_wconf 79' lang='lat' dir='ltr'><strong>exhibeantur3</strong></span> <span class='ocrx_word' id='word_1_190' title='bbox 3358 2885 3648 2997; x_wconf 90' lang='lat' dir='ltr'><strong>thue</strong></span> <span class='ocrx_word' id='word_1_191' title='bbox 3722 2889 3792 2974; x_wconf 89' lang='lat' dir='ltr'><strong>is</strong></span> 
     </span>
     <span class='ocr_line' id='line_1_22' title="bbox 394 2995 3783 3124; baseline 0.002 -42"><span class='ocrx_word' id='word_1_192' title='bbox 394 3003 837 3084; x_wconf 45' lang='lat' dir='ltr'><strong>‘contrario</strong></span> <span class='ocrx_word' id='word_1_193' title='bbox 918 2995 1238 3115; x_wconf 88' lang='lat' dir='ltr'><strong>praeter</strong></span> <span class='ocrx_word' id='word_1_194' title='bbox 1300 3031 1526 3114; x_wconf 87' lang='lat' dir='ltr'><strong>spem</strong></span> <span class='ocrx_word' id='word_1_195' title='bbox 1596 3026 2117 3113; x_wconf 85' lang='lat' dir='ltr'><strong>emergente,</strong></span> <span class='ocrx_word' id='word_1_196' title='bbox 2183 3006 2506 3124; x_wconf 89' lang='lat' dir='ltr'><strong>quoties</strong></span> <span class='ocrx_word' id='word_1_197' title='bbox 2557 3004 3107 3088; x_wconf 84' lang='lat' dir='ltr'><strong>necessarium</strong></span> <span class='ocrx_word' id='word_1_198' title='bbox 3150 3000 3624 3106; x_wconf 88' lang='lat' dir='ltr'><strong>videbitur,</strong></span> <span class='ocrx_word' id='word_1_199' title='bbox 3691 3005 3783 3091; x_wconf 89' lang='lat' dir='ltr'><strong>P.</strong></span> 
     </span>
     <span class='ocr_line' id='line_1_23' title="bbox 425 3116 3792 3240; baseline 0.003 -41"><span class='ocrx_word' id='word_1_200' title='bbox 425 3116 951 3231; x_wconf 86' lang='lat' dir='ltr'><strong>Superiorem</strong></span> <span class='ocrx_word' id='word_1_201' title='bbox 1004 3149 1103 3204; x_wconf 94' lang='lat' dir='ltr'><strong>eo</strong></span> <span class='ocrx_word' id='word_1_202' title='bbox 1162 3140 1533 3233; x_wconf 88' lang='lat' dir='ltr'><strong>tempore</strong></span> <span class='ocrx_word' id='word_1_203' title='bbox 1583 3120 2061 3207; x_wconf 85' lang='lat' dir='ltr'><strong>existentem</strong></span> <span class='ocrx_word' id='word_1_204' title='bbox 2114 3120 2468 3236; x_wconf 89' lang='lat' dir='ltr'><strong>desuper</strong></span> <span class='ocrx_word' id='word_1_205' title='bbox 2530 3144 3098 3227; x_wconf 86' lang='lat' dir='ltr'><strong>commoneat,</strong></span> <span class='ocrx_word' id='word_1_206' title='bbox 3164 3119 3492 3240; x_wconf 89' lang='lat' dir='ltr'><strong>hocque</strong></span> <span class='ocrx_word' id='word_1_207' title='bbox 3555 3120 3792 3209; x_wconf 81' lang='lat' dir='ltr'><strong>b‘eni·</strong></span> 
     </span>
     <span class='ocr_line' id='line_1_24' title="bbox 427 3236 3785 3359; baseline 0.003 -40"><span class='ocrx_word' id='word_1_208' title='bbox 427 3265 583 3345; x_wconf 87' lang='lat' dir='ltr'><strong>gna</strong></span> <span class='ocrx_word' id='word_1_209' title='bbox 635 3240 1091 3322; x_wconf 88' lang='lat' dir='ltr'><strong>monitione</strong></span> <span class='ocrx_word' id='word_1_210' title='bbox 1129 3237 1335 3321; x_wconf 87' lang='lat' dir='ltr'><strong>nihil</strong></span> <span class='ocrx_word' id='word_1_211' title='bbox 1383 3236 1868 3354; x_wconf 86' lang='lat' dir='ltr'><strong>proficiente</strong></span> <span class='ocrx_word' id='word_1_212' title='bbox 1931 3264 2248 3328; x_wconf 88' lang='lat' dir='ltr'><strong>notatos</strong></span> <span class='ocrx_word' id='word_1_213' title='bbox 2296 3239 2673 3328; x_wconf 87' lang='lat' dir='ltr'><strong>defectus</strong></span> <span class='ocrx_word' id='word_1_214' title='bbox 2721 3240 3035 3346; x_wconf 81' lang='lat' dir='ltr'><strong>Nobis,</strong></span> <span class='ocrx_word' id='word_1_215' title='bbox 3078 3245 3537 3359; x_wconf 86' lang='lat' dir='ltr'><strong>nostrisque</strong></span> <span class='ocrx_word' id='word_1_216' title='bbox 3583 3245 3785 3329; x_wconf 90' lang='lat' dir='ltr'><strong>Suc-</strong></span> 
     </span>
     <span class='ocr_line' id='line_1_25' title="bbox 429 3354 3789 3480; baseline 0.003 -42"><span class='ocrx_word' id='word_1_217' title='bbox 429 3355 885 3441; x_wconf 88' lang='lat' dir='ltr'><strong>cessoribus</strong></span> <span class='ocrx_word' id='word_1_218' title='bbox 935 3354 1215 3442; x_wconf 86' lang='lat' dir='ltr'><strong>debite</strong></span> <span class='ocrx_word' id='word_1_219' title='bbox 1265 3355 1773 3475; x_wconf 84' lang='lat' dir='ltr'><strong>denunciet,</strong></span> <span class='ocrx_word' id='word_1_220' title='bbox 1828 3366 2319 3480; x_wconf 76' lang='lat' dir='ltr'><strong>ceteroquin·</strong></span> <span class='ocrx_word' id='word_1_221' title='bbox 2359 3384 2523 3447; x_wconf 83' lang='lat' dir='ltr'><strong>tam</strong></span> <span class='ocrx_word' id='word_1_222' title='bbox 2578 3363 2747 3474; x_wconf 82' lang='lat' dir='ltr'><strong>ipse</strong></span> <span class='ocrx_word' id='word_1_223' title='bbox 2794 3360 3233 3467; x_wconf 84' lang='lat' dir='ltr'><strong>Decanus,</strong></span> <span class='ocrx_word' id='word_1_224' title='bbox 3286 3362 3593 3479; x_wconf 82' lang='lat' dir='ltr'><strong>aliique</strong></span> <span class='ocrx_word' id='word_1_225' title='bbox 3642 3393 3789 3449; x_wconf 90' lang='lat' dir='ltr'><strong>no-</strong></span> 
     </span>
     <span class='ocr_line' id='line_1_26' title="bbox 425 3474 3788 3598; baseline 0.003 -41"><span class='ocrx_word' id='word_1_226' title='bbox 425 3478 567 3557; x_wconf 86' lang='lat' dir='ltr'><strong>stri</strong></span> <span class='ocrx_word' id='word_1_227' title='bbox 619 3475 789 3560; x_wconf 88' lang='lat' dir='ltr'><strong>illic</strong></span> <span class='ocrx_word' id='word_1_228' title='bbox 840 3475 1212 3561; x_wconf 88' lang='lat' dir='ltr'><strong>locorum</strong></span> <span class='ocrx_word' id='word_1_229' title='bbox 1293 3479 1631 3592; x_wconf 86' lang='lat' dir='ltr'><strong>expositi</strong></span> <span class='ocrx_word' id='word_1_230' title='bbox 1696 3478 1979 3564; x_wconf 90' lang='lat' dir='ltr'><strong>Curati</strong></span> <span class='ocrx_word' id='word_1_231' title='bbox 2018 3544 2043 3587; x_wconf 99' lang='lat'><strong>,</strong></span> <span class='ocrx_word' id='word_1_232' title='bbox 2107 3511 2357 3598; x_wconf 91' lang='lat' dir='ltr'><strong>quam</strong></span> <span class='ocrx_word' id='word_1_233' title='bbox 2440 3478 2693 3565; x_wconf 89' lang='lat' dir='ltr'><strong>iidem</strong></span> <span class='ocrx_word' id='word_1_234' title='bbox 2776 3474 3269 3565; x_wconf 88' lang='lat' dir='ltr'><strong>Missionarii</strong></span> <span class='ocrx_word' id='word_1_235' title='bbox 3348 3481 3582 3588; x_wconf 83' lang='lat' dir='ltr'><strong>nullo</strong></span> <span class='ocrx_word' id='word_1_236' title='bbox 3629 3513 3788 3568; x_wconf 89' lang='lat' dir='ltr'><strong>un·</strong></span> 
     </span>
     <span class='ocr_line' id='line_1_27' title="bbox 424 3596 3790 3710; baseline 0.003 -32"><span class='ocrx_word' id='word_1_237' title='bbox 424 3622 674 3710; x_wconf 87' lang='lat' dir='ltr'><strong>quam</strong></span> <span class='ocrx_word' id='word_1_238' title='bbox 757 3616 1122 3710; x_wconf 86' lang='lat' dir='ltr'><strong>tempore</strong></span> <span class='ocrx_word' id='word_1_239' title='bbox 1201 3596 1851 3702; x_wconf 86' lang='lat' dir='ltr'><strong>obliviscentur,</strong></span> <span class='ocrx_word' id='word_1_240' title='bbox 1914 3624 2201 3686; x_wconf 89' lang='lat' dir='ltr'><strong>mutua</strong></span> <span class='ocrx_word' id='word_1_241' title='bbox 2269 3600 2804 3709; x_wconf 83' lang='lat' dir='ltr'><strong>intelligentia</strong></span> <span class='ocrx_word' id='word_1_242' title='bbox 2844 3660 2869 3706; x_wconf 94' lang='lat'><strong>,</strong></span> <span class='ocrx_word' id='word_1_243' title='bbox 2950 3619 3035 3686; x_wconf 87' lang='lat' dir='ltr'><strong>et</strong></span> <span class='ocrx_word' id='word_1_244' title='bbox 3078 3599 3296 3686; x_wconf 90' lang='lat' dir='ltr'><strong>bona</strong></span> <span class='ocrx_word' id='word_1_245' title='bbox 3362 3598 3790 3691; x_wconf 81' lang='lat' dir='ltr'><strong>harmonia</strong></span> 
     </span>
     <span class='ocr_line' id='line_1_28' title="bbox 424 3713 3790 3830; baseline 0.004 -33"><span class='ocrx_word' id='word_1_246' title='bbox 424 3745 644 3817; x_wconf 87' lang='lat' dir='ltr'><strong>unus</strong></span> <span class='ocrx_word' id='word_1_247' title='bbox 695 3713 1044 3800; x_wconf 87' lang='lat' dir='ltr'><strong>alterum</strong></span> <span class='ocrx_word' id='word_1_248' title='bbox 1095 3719 1441 3829; x_wconf 87' lang='lat' dir='ltr'><strong>juvare,</strong></span> <span class='ocrx_word' id='word_1_249' title='bbox 1504 3740 1590 3802; x_wconf 89' lang='lat' dir='ltr'><strong>et</strong></span> <span class='ocrx_word' id='word_1_250' title='bbox 1638 3722 2059 3806; x_wconf 88' lang='lat' dir='ltr'><strong>communi</strong></span> <span class='ocrx_word' id='word_1_251' title='bbox 2136 3720 2315 3805; x_wconf 91' lang='lat' dir='ltr'><strong>zelo</strong></span> <span class='ocrx_word' id='word_1_252' title='bbox 2379 3718 2824 3830; x_wconf 86' lang='lat' dir='ltr'><strong>Religionis</strong></span> <span class='ocrx_word' id='word_1_253' title='bbox 2907 3721 3511 3807; x_wconf 83' lang='lat' dir='ltr'><strong>incrementum</strong></span> <span class='ocrx_word' id='word_1_254' title='bbox 3593 3732 3790 3811; x_wconf 85' lang='lat' dir='ltr'><strong>cum</strong></span> 
     </span>
     <span class='ocr_line' id='line_1_29' title="bbox 419 3831 2830 3950; baseline 0.002 -33"><span class='ocrx_word' id='word_1_255' title='bbox 419 3831 661 3943; x_wconf 62' lang='lat' dir='ltr'><strong>larga⁵</strong></span> <span class='ocrx_word' id='word_1_256' title='bbox 704 3865 951 3921; x_wconf 87' lang='lat' dir='ltr'><strong>usura</strong></span> <span class='ocrx_word' id='word_1_257' title='bbox 1005 3838 1467 3922; x_wconf 86' lang='lat' dir='ltr'><strong>animarum</strong></span> <span class='ocrx_word' id='word_1_258' title='bbox 1521 3866 2025 3950; x_wconf 86' lang='lat' dir='ltr'><strong>promovere.</strong></span> <span class='ocrx_word' id='word_1_259' title='bbox 2107 3838 2388 3945; x_wconf 87' lang='lat' dir='ltr'><strong>Quem</strong></span> <span class='ocrx_word' id='word_1_260' title='bbox 2436 3842 2521 3924; x_wconf 91' lang='lat' dir='ltr'><strong>in</strong></span> <span class='ocrx_word' id='word_1_261' title='bbox 2573 3836 2830 3923; x_wconf 86' lang='lat' dir='ltr'><strong>finem</strong></span> 
     </span>
     <span class='ocr_line' id='line_1_30' title="bbox 542 3952 3789 4076; baseline 0.005 -42"><span class='ocrx_word' id='word_1_262' title='bbox 542 3952 935 4065; x_wconf 75' lang='lat' dir='ltr'><strong>Septimo.</strong></span> <span class='ocrx_word' id='word_1_263' title='bbox 1000 3954 1307 4041; x_wconf 86' lang='lat' dir='ltr'><strong>Iterato</strong></span> <span class='ocrx_word' id='word_1_264' title='bbox 1368 3954 1926 4042; x_wconf 81' lang='lat' dir='ltr'><strong>mentionatus</strong></span> <span class='ocrx_word' id='word_1_265' title='bbox 1976 3957 2069 4043; x_wconf 88' lang='lat' dir='ltr'><strong>P.</strong></span> <span class='ocrx_word' id='word_1_266' title='bbox 2122 3958 2660 4045; x_wconf 87' lang='lat' dir='ltr'><strong>Provincialis</strong></span> <span class='ocrx_word' id='word_1_267' title='bbox 2720 3958 3109 4071; x_wconf 88' lang='lat' dir='ltr'><strong>singulari</strong></span> <span class='ocrx_word' id='word_1_268' title='bbox 3165 3989 3359 4046; x_wconf 88' lang='lat' dir='ltr'><strong>cura</strong></span> <span class='ocrx_word' id='word_1_269' title='bbox 3395 3963 3789 4076; x_wconf 79' lang='lat' dir='ltr'><strong>provide-</strong></span> 
     </span>
     <span class='ocr_line' id='line_1_31' title="bbox 423 4066 3788 4196; baseline 0.005 -44"><span class='ocrx_word' id='word_1_270' title='bbox 423 4069 552 4154; x_wconf 89' lang='lat' dir='ltr'><strong>bit</strong></span> <span class='ocrx_word' id='word_1_271' title='bbox 601 4066 700 4153; x_wconf 90' lang='lat' dir='ltr'><strong>ad</strong></span> <span class='ocrx_word' id='word_1_272' title='bbox 756 4100 999 4180; x_wconf 86' lang='lat' dir='ltr'><strong>grave</strong></span> <span class='ocrx_word' id='word_1_273' title='bbox 1045 4071 1205 4159; x_wconf 85' lang='lat' dir='ltr'><strong>hoc</strong></span> <span class='ocrx_word' id='word_1_274' title='bbox 1252 4073 1663 4159; x_wconf 87' lang='lat' dir='ltr'><strong>Missionis</strong></span> <span class='ocrx_word' id='word_1_275' title='bbox 1712 4072 2081 4163; x_wconf 79' lang='lat' dir='ltr'><strong>officium</strong></span> <span class='ocrx_word' id='word_1_276' title='bbox 2116 4076 2351 4165; x_wconf 70' lang='lat' dir='ltr'><strong>‘viros</strong></span> <span class='ocrx_word' id='word_1_277' title='bbox 2401 4079 2847 4196; x_wconf 84' lang='lat' dir='ltr'><strong>exquisitae</strong></span> <span class='ocrx_word' id='word_1_278' title='bbox 2911 4080 3282 4192; x_wconf 86' lang='lat' dir='ltr'><strong>pietatis,</strong></span> <span class='ocrx_word' id='word_1_279' title='bbox 3333 4075 3788 4190; x_wconf 83' lang='lat' dir='ltr'><strong>doctrinae,</strong></span> 
     </span>
     <span class='ocr_line' id='line_1_32' title="bbox 421 4183 3791 4316; baseline 0.004 -43"><span class='ocrx_word' id='word_1_280' title='bbox 421 4207 507 4273; x_wconf 89' lang='lat' dir='ltr'><strong>et</strong></span> <span class='ocrx_word' id='word_1_281' title='bbox 550 4183 1043 4307; x_wconf 82' lang='lat' dir='ltr'><strong>prudentiae</strong></span> <span class='ocrx_word' id='word_1_282' title='bbox 1091 4191 1427 4302; x_wconf 89' lang='lat' dir='ltr'><strong>seligere</strong></span> <span class='ocrx_word' id='word_1_283' title='bbox 1467 4254 1490 4298; x_wconf 90' lang='lat'><strong>,</strong></span> <span class='ocrx_word' id='word_1_284' title='bbox 1546 4223 1638 4279; x_wconf 89' lang='lat' dir='ltr'><strong>ac</strong></span> <span class='ocrx_word' id='word_1_285' title='bbox 1688 4192 1950 4281; x_wconf 88' lang='lat' dir='ltr'><strong>Nobis</strong></span> <span class='ocrx_word' id='word_1_286' title='bbox 1997 4220 2512 4312; x_wconf 82' lang='lat' dir='ltr'><strong>praesentare</strong></span> <span class='ocrx_word' id='word_1_287' title='bbox 2547 4257 2571 4302; x_wconf 94' lang='lat'><strong>,</strong></span> <span class='ocrx_word' id='word_1_288' title='bbox 2637 4197 2781 4313; x_wconf 91' lang='lat' dir='ltr'><strong>qui</strong></span> <span class='ocrx_word' id='word_1_289' title='bbox 2844 4198 3091 4283; x_wconf 88' lang='lat' dir='ltr'><strong>simul</strong></span> <span class='ocrx_word' id='word_1_290' title='bbox 3157 4193 3468 4286; x_wconf 88' lang='lat' dir='ltr'><strong>cordati</strong></span> <span class='ocrx_word' id='word_1_291' title='bbox 3497 4248 3545 4307; x_wconf 90' lang='lat'><strong>·,</strong></span> <span class='ocrx_word' id='word_1_292' title='bbox 3610 4234 3791 4316; x_wconf 89' lang='lat' dir='ltr'><strong>spe-</strong></span> 
     </span>
     <span class='ocr_line' id='line_1_33' title="bbox 426 4305 3792 4431; baseline 0.005 -40"><span class='ocrx_word' id='word_1_293' title='bbox 426 4305 819 4415; x_wconf 77' lang='lat' dir='ltr'><strong>ctabiles,</strong></span> <span class='ocrx_word' id='word_1_294' title='bbox 873 4309 1192 4416; x_wconf 89' lang='lat' dir='ltr'><strong>seriosi,</strong></span> <span class='ocrx_word' id='word_1_295' title='bbox 1230 4309 1749 4421; x_wconf 88' lang='lat' dir='ltr'><strong>religiositate</strong></span> <span class='ocrx_word' id='word_1_296' title='bbox 1795 4313 2076 4429; x_wconf 91' lang='lat' dir='ltr'><strong>pleni,</strong></span> <span class='ocrx_word' id='word_1_297' title='bbox 2132 4346 2225 4403; x_wconf 88' lang='lat' dir='ltr'><strong>ac</strong></span> <span class='ocrx_word' id='word_1_298' title='bbox 2274 4317 2386 4402; x_wconf 91' lang='lat' dir='ltr'><strong>ita</strong></span> <span class='ocrx_word' id='word_1_299' title='bbox 2435 4316 2652 4415; x_wconf 89' lang='lat' dir='ltr'><strong>bene</strong></span> <span class='ocrx_word' id='word_1_300' title='bbox 2702 4315 3053 4423; x_wconf 90' lang='lat' dir='ltr'><strong>imbuti,</strong></span> <span class='ocrx_word' id='word_1_301' title='bbox 3118 4338 3215 4403; x_wconf 90' lang='lat' dir='ltr'><strong>ut</strong></span> <span class='ocrx_word' id='word_1_302' title='bbox 3260 4319 3792 4431; x_wconf 81' lang='lat' dir='ltr'><strong>prudentiam</strong></span> 
     </span>
     <span class='ocr_line' id='line_1_34' title="bbox 421 4427 3791 4549; baseline 0.005 -38"><span class='ocrx_word' id='word_1_303' title='bbox 421 4429 975 4541; x_wconf 88' lang='lat' dir='ltr'><strong>serpentinam</strong></span> <span class='ocrx_word' id='word_1_304' title='bbox 1026 4458 1218 4514; x_wconf 88' lang='lat' dir='ltr'><strong>cum</strong></span> <span class='ocrx_word' id='word_1_305' title='bbox 1269 4427 1743 4517; x_wconf 86' lang='lat' dir='ltr'><strong>columbina</strong></span> <span class='ocrx_word' id='word_1_306' title='bbox 1818 4434 2337 4549; x_wconf 78' lang='lat' dir='ltr'><strong>simplicitate</strong></span> <span class='ocrx_word' id='word_1_307' title='bbox 2397 4440 2704 4549; x_wconf 90' lang='lat' dir='ltr'><strong>optime</strong></span> <span class='ocrx_word' id='word_1_308' title='bbox 2754 4436 3101 4525; x_wconf 89' lang='lat' dir='ltr'><strong>scientes</strong></span> <span class='ocrx_word' id='word_1_309' title='bbox 3150 4433 3570 4549; x_wconf 88' lang='lat' dir='ltr'><strong>adunare,</strong></span> <span class='ocrx_word' id='word_1_310' title='bbox 3613 4444 3791 4527; x_wconf 78' lang='lat' dir='ltr'><strong>&#39;im-</strong></span> 
     </span>
     <span class='ocr_line' id='line_1_35' title="bbox 420 4547 3792 4668; baseline 0.005 -38"><span class='ocrx_word' id='word_1_311' title='bbox 420 4547 685 4660; x_wconf 86' lang='lat' dir='ltr'><strong>posito</strong></span> <span class='ocrx_word' id='word_1_312' title='bbox 747 4550 1072 4634; x_wconf 89' lang='lat' dir='ltr'><strong>muneri</strong></span> <span class='ocrx_word' id='word_1_313' title='bbox 1122 4548 1462 4633; x_wconf 92' lang='lat' dir='ltr'><strong>omnino</strong></span> <span class='ocrx_word' id='word_1_314' title='bbox 1525 4580 1757 4663; x_wconf 90' lang='lat' dir='ltr'><strong>pares</strong></span> <span class='ocrx_word' id='word_1_315' title='bbox 1818 4556 2184 4642; x_wconf 88' lang='lat' dir='ltr'><strong>existant.</strong></span> <span class='ocrx_word' id='word_1_316' title='bbox 2254 4554 2604 4668; x_wconf 90' lang='lat' dir='ltr'><strong>Insuper</strong></span> <span class='ocrx_word' id='word_1_317' title='bbox 2664 4558 2750 4640; x_wconf 91' lang='lat' dir='ltr'><strong>in</strong></span> <span class='ocrx_word' id='word_1_318' title='bbox 2803 4554 3239 4645; x_wconf 88' lang='lat' dir='ltr'><strong>Polemicis</strong></span> <span class='ocrx_word' id='word_1_319' title='bbox 3302 4564 3606 4648; x_wconf 81' lang='lat' dir='ltr'><strong>versati</strong></span> <span class='ocrx_word' id='word_1_320' title='bbox 3654 4592 3792 4648; x_wconf 91' lang='lat' dir='ltr'><strong>eo-</strong></span> 
     </span>
    </p>
   </div>
   <div class='ocr_carea' id='block_1_2' title="bbox 421 4662 3878 4793">
    <p class='ocr_par' dir='ltr' id='par_1_2' title="bbox 421 4662 3878 4793">
     <span class='ocr_line' id='line_1_36' title="bbox 421 4662 3878 4793; baseline 0.006 -44"><span class='ocrx_word' id='word_1_321' title='bbox 421 4695 611 4750; x_wconf 90' lang='lat' dir='ltr'><strong>rum</strong></span> <span class='ocrx_word' id='word_1_322' title='bbox 660 4662 766 4752; x_wconf 84' lang='lat' dir='ltr'><strong>ad</strong></span> <span class='ocrx_word' id='word_1_323' title='bbox 815 4667 1090 4753; x_wconf 86' lang='lat' dir='ltr'><strong>minus</strong></span> <span class='ocrx_word' id='word_1_324' title='bbox 1126 4728 1150 4773; x_wconf 95' lang='lat'><strong>,</strong></span> <span class='ocrx_word' id='word_1_325' title='bbox 1215 4696 1425 4785; x_wconf 87' lang='lat' dir='ltr'><strong>quae</strong></span> <span class='ocrx_word' id='word_1_326' title='bbox 1491 4667 1595 4754; x_wconf 88' lang='lat' dir='ltr'><strong>ad</strong></span> <span class='ocrx_word' id='word_1_327' title='bbox 1648 4671 2267 4790; x_wconf 86' lang='lat' dir='ltr'><strong>inquisitionem</strong></span> <span class='ocrx_word' id='word_1_328' title='bbox 2314 4671 2774 4762; x_wconf 87' lang='lat' dir='ltr'><strong>haereticae</strong></span> <span class='ocrx_word' id='word_1_329' title='bbox 2823 4678 3243 4791; x_wconf 87' lang='lat' dir='ltr'><strong>pravitatis</strong></span> <span class='ocrx_word' id='word_1_330' title='bbox 3302 4683 3789 4793; x_wconf 87' lang='lat' dir='ltr'><strong>exiguntur,</strong></span> <span class='ocrx_word' id='word_1_331' title='bbox 3873 4674 3878 4681; x_wconf 40' lang='lat'>⁸</span> 
     </span>
    </p>
   </div>
   <div class='ocr_carea' id='block_1_3' title="bbox 419 4787 3790 5266">
    <p class='ocr_par' dir='ltr' id='par_1_3' title="bbox 419 4787 3789 5142">
     <span class='ocr_line' id='line_1_37' title="bbox 419 4787 3789 4912; baseline 0.007 -44"><span class='ocrx_word' id='word_1_332' title='bbox 419 4787 606 4869; x_wconf 86' lang='lat' dir='ltr'><strong>satis</strong></span> <span class='ocrx_word' id='word_1_333' title='bbox 659 4789 1010 4901; x_wconf 84' lang='lat' dir='ltr'><strong>experti3</strong></span> <span class='ocrx_word' id='word_1_334' title='bbox 1064 4790 1537 4902; x_wconf 88' lang='lat' dir='ltr'><strong>praesertim</strong></span> <span class='ocrx_word' id='word_1_335' title='bbox 1587 4792 1827 4877; x_wconf 86' lang='lat' dir='ltr'><strong>etiam</strong></span> <span class='ocrx_word' id='word_1_336' title='bbox 1884 4825 1928 4877; x_wconf 87' lang='lat' dir='ltr'><strong>a</strong></span> <span class='ocrx_word' id='word_1_337' title='bbox 1979 4791 2192 4882; x_wconf 90' lang='lat' dir='ltr'><strong>Sede</strong></span> <span class='ocrx_word' id='word_1_338' title='bbox 2242 4794 2711 4908; x_wconf 86' lang='lat' dir='ltr'><strong>Apostolica</strong></span> <span class='ocrx_word' id='word_1_339' title='bbox 2737 4859 2770 4899; x_wconf 89' lang='lat'><em>‚</em></span> <span class='ocrx_word' id='word_1_340' title='bbox 2831 4826 2981 4882; x_wconf 89' lang='lat' dir='ltr'><strong>seu</strong></span> <span class='ocrx_word' id='word_1_341' title='bbox 3033 4829 3074 4882; x_wconf 92' lang='lat' dir='ltr'><strong>a</strong></span> <span class='ocrx_word' id='word_1_342' title='bbox 3127 4796 3789 4912; x_wconf 88' lang='lat' dir='ltr'><strong>Congregatione</strong></span> 
     </span>
     <span class='ocr_line' id='line_1_38' title="bbox 422 4899 3787 5040; baseline 0.007 -55"><span class='ocrx_word' id='word_1_343' title='bbox 422 4899 527 4988; x_wconf 95' lang='lat' dir='ltr'><strong>de</strong></span> <span class='ocrx_word' id='word_1_344' title='bbox 564 4902 1096 5017; x_wconf 83' lang='lat' dir='ltr'><strong>Propaganda</strong></span> <span class='ocrx_word' id='word_1_345' title='bbox 1133 4901 1342 4993; x_wconf 89' lang='lat' dir='ltr'><strong>Fide</strong></span> <span class='ocrx_word' id='word_1_346' title='bbox 1388 4931 1787 5023; x_wconf 83' lang='lat' dir='ltr'><strong>potestate</strong></span> <span class='ocrx_word' id='word_1_347' title='bbox 1834 4911 2325 5002; x_wconf 87' lang='lat' dir='ltr'><strong>Missionarii</strong></span> <span class='ocrx_word' id='word_1_348' title='bbox 2373 4914 2830 5027; x_wconf 84' lang='lat' dir='ltr'><strong>Apostolici</strong></span> <span class='ocrx_word' id='word_1_349' title='bbox 2879 4920 3236 5031; x_wconf 90' lang='lat' dir='ltr'><strong>provisi,</strong></span> <span class='ocrx_word' id='word_1_350' title='bbox 3290 4951 3383 5007; x_wconf 89' lang='lat' dir='ltr'><strong>ac</strong></span> <span class='ocrx_word' id='word_1_351' title='bbox 3419 4917 3787 5040; x_wconf 90' lang='lat' dir='ltr'><strong>denique</strong></span> 
     </span>
     <span class='ocr_line' id='line_1_39' title="bbox 424 5023 2736 5142; baseline 0.006 -35"><span class='ocrx_word' id='word_1_352' title='bbox 424 5023 831 5139; x_wconf 74' lang='lat' dir='ltr'><strong>patriotici</strong></span> <span class='ocrx_word' id='word_1_353' title='bbox 882 5023 1292 5111; x_wconf 87' lang='lat' dir='ltr'><strong>idiomatis</strong></span> <span class='ocrx_word' id='word_1_354' title='bbox 1337 5026 1795 5142; x_wconf 88' lang='lat' dir='ltr'><strong>beneperiti</strong></span> <span class='ocrx_word' id='word_1_355' title='bbox 1862 5033 2411 5121; x_wconf 84' lang='lat' dir='ltr'><strong>inveniantur.</strong></span> <span class='ocrx_word' id='word_1_356' title='bbox 2479 5033 2736 5120; x_wconf 90' lang='lat' dir='ltr'><strong>Porro</strong></span> 
     </span>
    </p>

    <p class='ocr_par' dir='ltr' id='par_1_4' title="bbox 534 5134 3790 5266">
     <span class='ocr_line' id='line_1_40' title="bbox 534 5134 3790 5266; baseline 0.007 -41"><span class='ocrx_word' id='word_1_357' title='bbox 534 5134 896 5229; x_wconf 83' lang='lat' dir='ltr'><strong>Octavo.</strong></span> <span class='ocrx_word' id='word_1_358' title='bbox 959 5144 1083 5230; x_wconf 85' lang='lat' dir='ltr'><strong>Ut</strong></span> <span class='ocrx_word' id='word_1_359' title='bbox 1166 5144 1420 5229; x_wconf 84' lang='lat' dir='ltr'><strong>iidem</strong></span> <span class='ocrx_word' id='word_1_360' title='bbox 1502 5148 1994 5237; x_wconf 86' lang='lat' dir='ltr'><strong>Missionarii</strong></span> <span class='ocrx_word' id='word_1_361' title='bbox 2069 5151 2425 5240; x_wconf 86' lang='lat' dir='ltr'><strong>subditis</strong></span> <span class='ocrx_word' id='word_1_362' title='bbox 2474 5153 2708 5240; x_wconf 86' lang='lat' dir='ltr'><strong>nulla</strong></span> <span class='ocrx_word' id='word_1_363' title='bbox 2755 5155 3073 5244; x_wconf 88' lang='lat' dir='ltr'><strong>ratione</strong></span> <span class='ocrx_word' id='word_1_364' title='bbox 3138 5156 3565 5266; x_wconf 77' lang='lat' dir='ltr'><strong>obstrictI,</strong></span> <span class='ocrx_word' id='word_1_365' title='bbox 3630 5169 3790 5248; x_wconf 84' lang='lat' dir='ltr'><strong>nec</strong></span> 
     </span>
    </p>
   </div>
   <div class='ocr_carea' id='block_1_4' title="bbox 428 5258 3908 5389">
    <p class='ocr_par' dir='ltr' id='par_1_5' title="bbox 428 5258 3908 5389">
     <span class='ocr_line' id='line_1_41' title="bbox 428 5258 3908 5389; baseline 0.007 -45"><span class='ocrx_word' id='word_1_366' title='bbox 428 5258 607 5344; x_wconf 88' lang='lat' dir='ltr'><strong>aliis</strong></span> <span class='ocrx_word' id='word_1_367' title='bbox 656 5264 1036 5364; x_wconf 84' lang='lat' dir='ltr'><strong>onerosi,</strong></span> <span class='ocrx_word' id='word_1_368' title='bbox 1104 5289 1700 5380; x_wconf 87' lang='lat' dir='ltr'><strong>consequenter</strong></span> <span class='ocrx_word' id='word_1_369' title='bbox 1768 5267 1988 5384; x_wconf 89' lang='lat' dir='ltr'><strong>apud</strong></span> <span class='ocrx_word' id='word_1_370' title='bbox 2050 5302 2334 5359; x_wconf 88' lang='lat' dir='ltr'><strong>omnes</strong></span> <span class='ocrx_word' id='word_1_371' title='bbox 2417 5274 2501 5357; x_wconf 94' lang='lat' dir='ltr'><strong>in</strong></span> <span class='ocrx_word' id='word_1_372' title='bbox 2571 5303 2670 5359; x_wconf 90' lang='lat' dir='ltr'><strong>eo</strong></span> <span class='ocrx_word' id='word_1_373' title='bbox 2722 5278 3032 5389; x_wconf 80' lang='lat' dir='ltr'><strong>majori·</strong></span> <span class='ocrx_word' id='word_1_374' title='bbox 3059 5278 3643 5387; x_wconf 80' lang='lat' dir='ltr'><strong>veneratione,</strong></span> <span class='ocrx_word' id='word_1_375' title='bbox 3693 5289 3792 5369; x_wconf 76' lang='lat' dir='ltr'><strong>a&#39;c</strong></span> <span class='ocrx_word' id='word_1_376' title='bbox 3903 5278 3908 5281; x_wconf 55' lang='grc'><strong>’</strong></span> 
     </span>
    </p>
   </div>
   <div class='ocr_carea' id='block_1_5' title="bbox 427 5379 3795 5634">
    <p class='ocr_par' dir='ltr' id='par_1_6' title="bbox 427 5379 3795 5634">
     <span class='ocr_line' id='line_1_42' title="bbox 429 5379 3795 5509; baseline 0.006 -43"><span class='ocrx_word' id='word_1_377' title='bbox 429 5401 808 5496; x_wconf 89' lang='lat' dir='ltr'><strong>respectu</strong></span> <span class='ocrx_word' id='word_1_378' title='bbox 857 5379 1319 5469; x_wconf 89' lang='lat' dir='ltr'><strong>habeantur</strong></span> <span class='ocrx_word' id='word_1_379' title='bbox 1356 5444 1379 5488; x_wconf 95' lang='lat'><strong>,</strong></span> <span class='ocrx_word' id='word_1_380' title='bbox 1445 5386 2044 5502; x_wconf 85' lang='lat' dir='ltr'><strong>eleemosynam</strong></span> <span class='ocrx_word' id='word_1_381' title='bbox 2100 5396 2265 5509; x_wconf 80' lang='lat' dir='ltr'><strong>&#39;pro</strong></span> <span class='ocrx_word' id='word_1_382' title='bbox 2329 5390 2684 5481; x_wconf 88' lang='lat' dir='ltr'><strong>lectione</strong></span> <span class='ocrx_word' id='word_1_383' title='bbox 2749 5393 3187 5483; x_wconf 87' lang='lat' dir='ltr'><strong>Sacrorum</strong></span> <span class='ocrx_word' id='word_1_384' title='bbox 3254 5396 3570 5485; x_wconf 89' lang='lat' dir='ltr'><strong>nullam</strong></span> <span class='ocrx_word' id='word_1_385' title='bbox 3637 5433 3795 5487; x_wconf 90' lang='lat' dir='ltr'><strong>un·</strong></span> 
     </span>
     <span class='ocr_line' id='line_1_43' title="bbox 427 5501 3792 5634; baseline 0.008 -52"><span class='ocrx_word' id='word_1_386' title='bbox 427 5530 675 5618; x_wconf 90' lang='lat' dir='ltr'><strong>quam</strong></span> <span class='ocrx_word' id='word_1_387' title='bbox 729 5501 1177 5618; x_wconf 84' lang='lat' dir='ltr'><strong>recipient,</strong></span> <span class='ocrx_word' id='word_1_388' title='bbox 1229 5503 1600 5591; x_wconf 86' lang='lat' dir='ltr'><strong>similiter</strong></span> <span class='ocrx_word' id='word_1_389' title='bbox 1648 5507 1754 5592; x_wconf 91' lang='lat' dir='ltr'><strong>ab</strong></span> <span class='ocrx_word' id='word_1_390' title='bbox 1805 5513 2031 5598; x_wconf 91' lang='lat' dir='ltr'><strong>omni</strong></span> <span class='ocrx_word' id='word_1_391' title='bbox 2083 5513 2526 5600; x_wconf 87' lang='lat' dir='ltr'><strong>collectura</strong></span> <span class='ocrx_word' id='word_1_392' title='bbox 2555 5511 2825 5634; x_wconf 84' lang='lat' dir='ltr'><strong>(quae</strong></span> <span class='ocrx_word' id='word_1_393' title='bbox 2871 5537 3147 5603; x_wconf 89' lang='lat' dir='ltr'><strong>tamen</strong></span> <span class='ocrx_word' id='word_1_394' title='bbox 3186 5514 3792 5608; x_wconf 84' lang='lat' dir='ltr'><strong>Cellectoribus</strong></span> 
     </span>
    </p>
   </div>
   <div class='ocr_carea' id='block_1_6' title="bbox 372 5617 3791 5843">
    <p class='ocr_par' dir='ltr' id='par_1_7' title="bbox 372 5617 3791 5843">
     <span class='ocr_line' id='line_1_44' title="bbox 372 5617 3791 5839; baseline 0.008 -140"><span class='ocrx_word' id='word_1_395' title='bbox 372 5635 380 5639; x_wconf 81' lang='grc'>·</span> <span class='ocrx_word' id='word_1_396' title='bbox 430 5618 623 5707; x_wconf 85' lang='lat' dir='ltr'><strong>alias</strong></span> <span class='ocrx_word' id='word_1_397' title='bbox 666 5617 980 5712; x_wconf 86' lang='lat' dir='ltr'><strong>ibidem</strong></span> <span class='ocrx_word' id='word_1_398' title='bbox 1053 5628 1462 5714; x_wconf 87' lang='lat' dir='ltr'><strong>consuetis</strong></span> <span class='ocrx_word' id='word_1_399' title='bbox 1557 5629 1945 5723; x_wconf 88' lang='lat' dir='ltr'><strong>inviolata</strong></span> <span class='ocrx_word' id='word_1_400' title='bbox 2008 5633 2841 5839; x_wconf 45' lang='lat' dir='ltr'><strong>permaneatRAEintra</strong></span> <span class='ocrx_word' id='word_1_401' title='bbox 2890 5634 3285 5758; x_wconf 85' lang='lat' dir='ltr'><strong>praefixos</strong></span> <span class='ocrx_word' id='word_1_402' title='bbox 3346 5669 3541 5729; x_wconf 89' lang='lat' dir='ltr'><strong>suae</strong></span> <span class='ocrx_word' id='word_1_403' title='bbox 3588 5641 3791 5743; x_wconf 51' lang='lat' dir='ltr'><strong>Mis-2</strong></span> 
     </span>
     <span class='ocr_line' id='line_1_45' title="bbox 2641 5785 2825 5843; baseline 0.016 -3"><span class='ocrx_word' id='word_1_404' title='bbox 2641 5785 2727 5841; x_wconf 91' lang='lat' dir='ltr'><strong>m</strong></span> <span class='ocrx_word' id='word_1_405' title='bbox 2778 5788 2825 5843; x_wconf 72' lang='grc' dir='ltr'>α</span> 
     </span>
    </p>
   </div>
  </div>
 </body>
</html>
