4834 6409
1006 441 1125 529 92
4349 499 4356 508 .

1060 547 1095 617 ζ.
1129 548 1205 645 S.
1272 570 1350 624 2.
1412 537 1645 626 ‚C'um
1693 561 1975 628 autem
2010 602 2035 647 ,
2114 543 2330 628 sicut
2387 537 2678 630 eadem
2739 541 3138 658 expositio
3211 538 3774 658 subjungebat
3806 602 3831 647 ,
3895 535 4372 655 praedictus

1009 657 1465 748 modernus
1518 660 2147 747 Commissarius
2196 660 2681 772 Generalis,
2737 693 3156 778 exponens
3223 666 3665 779 praemissa
3702 723 3726 767 ,
3794 691 3965 778 quo
4045 657 4370 747 firmius

624 770 986 844 confirma-
1012 781 1465 867 subsistant
1496 843 1523 887 ,
1578 803 1661 868 et
1725 789 2161 869 serventur
2243 786 2604 870 exactius
2639 847 2662 890 ,
2753 786 3246 899 apostolicae
3329 779 3974 870 confirmationis
4041 803 4374 894 nostrae

624 873 756 931 ²⁰¹⁹·
1009 901 1470 1015 patrocinio
1519 903 2020 987 communiri
2067 909 2593 1018 summOPere
2642 901 3105 1016 desideret,
3165 903 3356 990 Nos
3391 904 3644 1017 ipsius
3689 897 4072 987 moderni
4115 894 4372 986 Com-

1010 1021 1358 1107 missarii
1406 1018 1839 1107 Generalis
1905 1024 2387 1136 exponentis
2434 1027 2648 1110 votis
2696 1023 2853 1112 bac
2925 1026 3015 1110 in
3066 1055 3156 1110 re
3188 1025 3240 1129 ,'
3280 1029 3692 1142 quantum
3745 1052 3939 1107 cum
3998 1017 4371 1106 Domino

1007 1168 1442 1254 possumus
1488 1201 1513 1247 ,
1569 1137 2131 1229 favorabiliter
2180 1174 2546 1230 annuere
2595 1145 3025 1250 volentes,
3060 1173 3420 1261 eumque
3470 1174 3515 1227 a
3565 1140 3997 1260 quibusvis
4047 1169 4372 1227 excom·

1012 1261 1655 1364 municationis,
1720 1264 2274 1375 suspensionis
2310 1325 2333 1368 ,
2404 1285 2488 1350 et
2563 1262 2979 1353 interdicti
3032 1328 3059 1372 ,
3130 1263 3477 1380 aliisque
3549 1260 4115 1349 ecclesiasticis
4182 1289 4371 1347 sen-

1008 1382 1288 1466 tentiis
1317 1443 1342 1486 ,
1430 1383 1798 1467 censuris
1834 1443 1859 1486 ,
1943 1403 2028 1467 et
2075 1386 2365 1495 poenis
2397 1446 2422 1489 ,
2489 1417 2532 1469 a
2581 1387 2765 1498 jure
2813 1385 2949 1472 vel
3010 1384 3118 1470 ab
3193 1381 3532 1467 homine
3582 1382 3904 1501 quavis
3937 1380 4369 1469 occasione

1003 1497 1144 1586 vel
1196 1530 1436 1586 causa
1487 1499 1725 1607 latis,
1789 1502 1854 1584 si
1906 1500 2212 1618 quibus
2261 1501 2889 1619 quomodolibet
2934 1500 3379 1590 innodatus
3427 1503 3756 1603 existit,
3818 1496 3924 1585 ad
3970 1495 4367 1586 effectum

1004 1621 1557 1730 praesentium
1612 1616 2039 1706 dumtaxat
2086 1620 2765 1739 consequendum
2804 1687 2829 1730 ,
2881 1624 3175 1732 barum
3226 1622 3434 1708 serie
3483 1620 4041 1726 absolventes,
4091 1640 4174 1705 et
4222 1619 4367 1705 ab·
4483 1733 4504 1746 ᾗ

1006 1738 1373 1825 solutum
1408 1737 1586 1828 fore
1635 1764 2100 1846 censentes,
2152 1744 2897 1856 supplicationibus
2930 1806 2955 1851 ‚
3007 1747 3188 1859 ejus
3236 1741 3577 1827 nomine
3622 1737 3891 1825 Nobis
3915 1769 4165 1854 snper
4194 1736 4357 1827 boc

1004 1852 1429 1945 humiliter
1506 1863 1957 1973 porrectis,
2024 1861 2460 1969 inclinati,
2544 1866 3081 1978 praeinsertas
3147 1858 3929 1977 ejusdemsoannis
4000 1858 4370 1946 Ministri

963 1975 1438 2065 'Generalis
1518 1978 1789 2066 literas
1852 2003 2223 2095 patentes
2259 2043 2285 2087 ,
2369 1986 2858 2070 auctoritate
2925 1981 3398 2097 Apostolica
3472 2002 3760 2065 tenore
3804 1981 4365 2094 praesentium

1004 2094 1589 2185 confirmamus
1641 2122 1724 2186 et
1770 2101 2320 2215 approbamus
2353 2165 2384 2205 ,
2445 2102 2780 2220 illisque
2828 2100 3329 2189 inviolabilis
3377 2098 3903 2212 Apostolicae
3962 2095 4372 2186 firmitatis

999 2216 1258 2302 robur
1307 2215 1798 2334 adjicimus3
1862 2251 1957 2305 ac
2007 2251 2296 2307 omnes
2352 2243 2438 2306 et
2483 2221 2851 2333 singulos
2920 2222 3127 2337 juris
3202 2243 3288 2307 et
3332 2215 3526 2307 facti
3605 2216 3976 2307 defectus
4012 2281 4038 2327 ,
4099 2219 4166 2304 si
4218 2222 4365 2337 qui

995 2332 1353 2452 desuper
1401 2335 2035 2456 quomodolibet
2079 2342 2685 2427 intervenerint
2713 2405 2746 2447 ,
2806 2341 3314 2455 supplemus.

1109 2453 1179 2557 S.
1244 2457 1327 2542 3.
1387 2456 1959 2545 Decernentes
1993 2522 2017 2567 ,
2083 2457 2409 2546 easdem
2461 2484 2930 2574 praesentes
2976 2462 3251 2546 literas
3313 2490 3634 2573 semper
3715 2456 3992 2545 firmas
4051 2456 4367 2545 validas

611 2630 967 2705 clausulae.
993 2596 1078 2663 et
1123 2573 1497 2664 efficaces
1551 2580 1889 2665 existere
1939 2602 2022 2666 et
2069 2576 2244 2666 fore
2268 2644 2302 2684 ,
2362 2611 2723 2699 suosque
2770 2579 3180 2695 plenarios
3231 2601 3314 2665 et
3363 2582 3720 2689 integros
3781 2576 4127 2663 effectus
4176 2608 4361 2664 sor-

991 2698 1263 2789 tiriet
1322 2696 1752 2810 obtinere3
1818 2730 1912 2784 ac
1960 2699 2173 2800 illis,
2241 2697 2347 2785 ad
2425 2731 2634 2817 quos
2683 2723 3029 2815 spectat
3078 2721 3162 2786 et
3241 2729 3389 2812 pro
3464 2720 3833 2814 tempore
3881 2696 4286 2813 spectabit
4331 2757 4359 2802 ,

985 2816 1461 2931 plenissime
1508 2816 1989 2929 suffragari3
2046 2821 2336 2936 sicque
2383 2822 2472 2903 in
2525 2821 2981 2933 praemissis
3040 2850 3191 2934 per
3236 2849 3807 2938 quoscumque
3855 2815 4178 2932 judices
4226 2847 4356 2903 or-

987 2934 1353 3038 dinarios
1423 2960 1508 3023 et
1581 2934 2045 3048 delegatos,
2133 2940 2381 3024 etiam
2467 2970 2895 3026 causarum
2959 2939 3251 3026 Palatii
3319 2940 3774 3053 Apostolici
3851 2934 4352 3046 Auditores,

996 3054 1343 3140 ‘udicari
1437 3078 1519 3142 et
1595 3052 1925 3142 definiri
2000 3054 2307 3145 debere
2354 3119 2383 3166 ,
2456 3091 2552 3143 ac
2639 3062 2965 3145 irritum
3047 3083 3130 3145 et
3226 3061 3472 3143 inane
3524 3121 3550 3165 ,
3635 3061 3700 3144 si
3780 3087 4017 3143 secus
4108 3087 4358 3173 super

987 3088 1129 3260 liis-
1183 3207 1229 3261 a
1295 3206 1714 3295 quoquam
1780 3178 2074 3296 qnavjis
2134 3180 2621 3267 auctoritate
2695 3182 3051 3267 scienter
3104 3177 3243 3269 vel
3318 3179 3789 3290 ignoranter
3859 3178 4355 3291 contingerit

980 3298 1399 3400 attentari.
1960 3338 1964 3341 ⁴
2827 3373 2836 3378 ,

1103 3424 1175 3523 S.
1244 3420 1325 3526 4.
1388 3411 1580 3501 Non
1632 3413 2155 3503 obstantibus
2232 3414 2990 3519 Constitutionibus
3060 3441 3146 3507 et
3191 3417 3882 3504 ordinationibus
3949 3415 4361 3532 Apostoli·

987 3536 1104 3623 cis
1139 3598 1165 3642 ,
1230 3566 1553 3624 necnon
1586 3598 1611 3643 ,
1675 3558 2086 3655 quatenus
2146 3569 2353 3653 opus
2400 3543 2559 3648 sit,
2629 3539 2975 3626 Ordinis
3036 3561 3121 3627 et
3164 3540 3789 3628 Provinciarum
3840 3534 4348 3652 hujusmodi,

988 3656 1237 3742 etiam
1299 3659 1826 3770 juramento,
1893 3655 2520 3745 confirmatione
2578 3662 3050 3776 Apostolica
3089 3723 3112 3766 ,
3176 3659 3312 3745 vel
3379 3660 3670 3777 quavis
3727 3655 4117 3745 firmitate
4198 3657 4350 3745 alia

984 3772 1388 3861 roboratis
1434 3777 1757 3860 statutis
1786 3837 1815 3884 ,
1883 3799 1968 3864 et
2017 3777 2814 3887 consuetudinibus,
2864 3780 3305 3896 privilegiis
3341 3809 3732 3897 quoque,
3797 3774 4142 3863 indultis
4176 3838 4205 3885 ,
4268 3801 4352 3866 et

986 3893 1246 3981 literis
1306 3895 1381 3984 A
1445 3894 1803 3980 ostolicis
1827 3958 1857 4002 ,
1933 3898 2021 3982 in
2071 3902 2572 3985 contrarium
2648 3902 3278 4014 praemissorum
3331 3894 3960 4015 quomodolibet
4019 3926 4351 3984 conces·

985 4015 1161 4122 sis,
1214 4044 1367 4099 con
1439 4015 1768 4119 rmatis‚
1834 4037 1917 4102 et
1974 4019 2447 4130 innovatis3
2516 4019 2848 4127 Quibus
2923 4020 3314 4105 omnibus
3373 4042 3456 4104 et
3530 4016 3874 4129 singulis
3923 4079 3949 4125 ,
4014 4016 4352 4104 illorum

985 4155 1313 4230 tenores
1362 4132 1929 4246 praesentibus
2009 4167 2161 4251 pro
2209 4138 2456 4252 plene
2537 4160 2622 4226 et
2669 4137 3188 4226 sufficienter
3260 4139 3650 4252 expressis
3698 4167 3794 4222 ac
3843 4133 3950 4223 ad
3995 4135 4351 4225 verbum

984 4253 1309 4340 insertis
1371 4251 1769 4340 habentes
1803 4315 1829 4360 ,
1890 4256 2054 4341 illis
2108 4256 2306 4343 alias
2352 4260 2437 4343 in
2491 4290 2641 4345 suo
2689 4258 2986 4347 robore
3034 4260 3584 4374 permansuris
3620 4319 3646 4362 ,
3698 4253 3805 4342 ad
3864 4258 4343 4371 praemisso-

985 4403 1178 4458 rum
1227 4368 1623 4458 effectum
1682 4370 1838 4460 hac
1909 4378 2095 4464 vice
2152 4374 2607 4476 „dumtaxat
2689 4380 3149 4497 specialiter
3221 4401 3305 4466 et
3359 4406 3729 4495 expresse
3804 4372 4348 4489 derogamus,

984 4493 1443 4609 ceterisque
1492 4494 1915 4580 contrariis
1964 4496 2660 4617 quibuscumque.

982 4687 989 4693 .
1103 4610 1421 4697 Datum
1470 4609 1781 4699 Romae
1841 4613 2066 4729 apud
2131 4615 2520 4705 Sanctam
2578 4617 2925 4706 Mariam
2984 4617 3392 4734 Maiorem
3451 4614 3611 4702 sub
3671 4612 4018 4702 Annulo
4077 4613 4349 4705 Pisca-

983 4732 1182 4822 toris
1228 4726 1367 4821 die
1422 4730 1555 4823 13.
1619 4730 2050 4824 Februarii
2106 4738 2379 4853 1734.σ
2411 4736 2951 4874 Pontificatus
3010 4736 3295 4826 Nostri
3344 4766 3567 4826 anno
3612 4758 3933 4856 quarto.

3332 4974 3433 5066 F.
3484 4971 3736 5066 Card.
3775 4971 4221 5070 Oliverius.
