4834 6409
364 583 943 709 contagiosus,
1000 594 1370 710 supellex
1444 591 1801 709 separari
1850 587 2157 695 debet,
2213 618 2318 677 no
2396 589 2792 709 cuiquam
2848 610 3165 678 noceat.
3218 587 3457 676 V111.
3517 503 3749 681 Οοεὲ

362 715 870 811 valescentes
934 745 982 802 e
1034 715 1248 804 lecto
1297 743 1630 827 surgere
1701 742 1868 799 non
1934 709 2400 827 permittat,
2451 713 2935 829 priusquam
2998 708 3086 797 id
3135 708 3522 800 Medicus
3559 745 3758 811 con-„-

365 839 721 923 cesserit.
791 839 941 929 IX.
1014 836 1464 925 Patientiae
1501 899 1525 941 ,
1582 857 1664 920 et
1720 832 2135 921 charitatis
2186 861 2373 941 erga
2453 834 2857 943 Aegrotos
2909 835 3401 921 meminerit.
3472 834 3757 943 Quare

367 958 747 1067 curabit,
819 992 920 1049 ne
997 957 1277 1047 debita
1343 957 1792 1045 ministeria
1845 957 2192 1067 aegrotis
2243 949 2539 1037 desint.
2605 952 2714 1036 X.
2783 953 3089 1040 Morbo
3139 959 3759 1065 ingravescente

363 1077 787 1169 Abbatem
849 1106 1177 1168 moneat
1215 1146 1238 1189 ,
1309 1103 1402 1166 ut
1460 1100 1839 1188 aegrotus
1916 1094 2362 1192 antequam
2414 1070 2705 1187 judicii
2773 1106 2928 1160 usu
2978 1076 3411 1191 privetur,
3480 1081 3787 1166 omnia‘

369 1200 894 1295 Sacramenta
949 1205 1319 1318 accipiat.
1379 1194 1636 1310 Quod
1685 1200 1750 1282 si
1801 1217 2179 1309 aegrotus
2232 1191 2424 1301 diu,
2467 1194 2664 1282 licet
2710 1197 2887 1283 sine
2936 1193 3761 1310 pericu10,'decum·

366 1320 573 1426 bat,
641 1347 951 1429 curet,
1022 1347 1113 1408 ut
1161 1347 1453 1409 octavo
1520 1349 1859 1436 quoque
1924 1315 2063 1403 die
2140 1319 2751 1422 communicet,
2828 1318 2979 1403 nisi
3033 1315 3306 1434 aliqua
3361 1316 3566 1405 ratio
3631 1327 3763 1437 ju-

367 1437 589 1525 dicio
641 1443 992 1531 Abbatis
1043 1440 1463 1559 impediat.
1529 1440 1682 1525 XI.
1755 1437 2122 1523 Instante
2175 1442 2459 1521 mortis
2510 1439 2913 1544 articulo,
2979 1440 3152 1523 sive
3201 1448 3571 1551 proximo
3619 1476 3764 1558 pe-

364 1561 662 1666 ricu10‚
719 1564 1132 1655 Abbatem
1189 1561 1631 1653 admoneat
1666 1622 1691 1666 ,
1762 1582 1853 1643 ut
1920 1556 2429 1644 orationibus
2479 1560 2856 1643 omnium
2908 1557 3291 1643 Fratrum
3342 1559 3589 1649 valde
3623 1597 3762 1680 pe-

366 1679 820 1768 culiaribus
887 1681 1327 1775 Infirmum
1411 1686 1676 1801 juvari
1741 1678 2031 1767 faciat:
2104 1681 2385 1797 Atque
2453 1709 2553 1764 eo
2616 1683 2873 1790 magis
2922 1739 2946 1784 ,
3014 1708 3183 1796 quo
3246 1686 3490 1768 morti
3578 1715 3762 1798 pro·

364 1802 894 1918 pinquiorem
965 1805 1338 1913 viderit,
1403 1830 1488 1893 et
1547 1827 1644 1889 ut
1720 1801 2177 1904 morienti,
2247 1829 2419 1916 quo
2467 1798 2745 1914 plures
2816 1821 3209 1914 poterunt
3290 1833 3387 1887 ex
3457 1804 3760 1893 Fratri-

368 1921 587 2025 bus,
652 1921 926 2012 adsint
962 1987 989 2026 ,
1054 1927 1197 2046 qui
1269 1922 1961 2014 convenientibus
2025 1920 2142 2005 illi
2210 1921 2564 2014 articulo
2614 1921 2931 2006 auxiliis
2983 1919 3582 2010 moribundum
3634 1933 3769 2043 ju-

370 2065 594 2126 vent.
647 2040 765 2130 Et
816 2078 1006 2132 cum
1062 2049 1425 2162 primum
1476 2048 1642 2134 vita
1696 2041 2034 2127 functus
2111 2037 2416 2148 fuerit,
2485 2037 3003 2127 Praefectum
3071 2039 3493 2132 Ecclesiae
3530 2108 3554 2153 ,
3623 2081 3764 2136 seu

372 2158 802 2251 aedituum
853 2165 1348 2276 admoneat,
1406 2189 1512 2255 ‚ut
1560 2186 2046 2253 consuetum
2100 2164 2429 2273 signum
2479 2162 2775 2275 pulset.
2843 2162 3044 2247 XII.
3114 2160 3554 2253 Provideat
3588 2232 3613 2277 ,
3678 2196 3775 2258 ut

374 2306 893 2374 mortuorum
946 2288 1332 2375 Fratrum
1382 2318 1717 2404 corpora
1770 2280 1876 2372 ad
1945 2283 2458 2398 sepulturam
2508 2305 3155 2398 praeparentur,
3230 2308 3314 2372 et
3368 2309 3458 2371 ut
3507 2295 3774 2405 spatio

371 2405 622 2489 unius
683 2404 848 2494 diei
905 2408 1296 2507 naturalis
1339 2407 1773 2498 ·decenter
1838 2436 2086 2519 super
2151 2425 2455 2494 terram
2525 2426 2989 2492 teneantur.
3058 2403 3302 2492 XIII.
3378 2407 3569 2495 Non
3644 2414 3776 2498 in·
3862 2469 3875 2475 —

377 2518 637 2635 firmis
688 2550 1008 2616 tantum
1060 2534 1360 2645 praesit
1395 2595 1419 2638 ,
1485 2555 1582 2618 ut
1630 2525 1949 2613 dictum
2002 2548 2178 2632 est,
2242 2522 2392 2614 sed
2442 2555 2834 2641 sanorum
2897 2529 3143 2613 etiam
3210 2559 3493 2617 curam
3547 2560 3776 2644 gerat

379 2645 461 2727 in
531 2647 680 2751 iis,
749 2681 965 2768 quae
1014 2650 1124 2739 ad
1172 2654 1603 2739 sanitatem
1671 2645 2321 2736 conservandam
2386 2666 2786 2761 spectant.
2856 2644 3142 2754 Quare
3203 2654 3385 2763 ejus
3460 2683 3774 2741 munus

375 2767 500 2849 e‘st
549 2767 1014 2882 observare,
1071 2805 1271 2857 num
1325 2778 1510 2889 quis
1559 2803 1657 2858 ex
1716 2769 1961 2854 nimia
2012 2765 2488 2880 fatigatione
2537 2769 2940 2881 corporis,
2996 2791 3142 2853 aut
3200 2773 3536 2885 spiritus
3588 2776 3775 2891 plus

381 2912 646 2999 aequo
698 2888 1074 2999 laboret,
1139 2892 1272 2979 vel
1324 2894 1479 2980 alia
1543 2889 1650 2979 de
1711 2922 1950 2977 causa
2002 2890 2273 2974 morbi
2327 2887 2701 3003 periculo
2747 2919 2835 2975 se
2885 2913 3264 3005 exponat.
3321 2892 3438 2980 Et
3487 2956 3512 3000 ,
3563 2898 3628 2980 si
3682 2899 3770 2992 in

386 3003 593 3089 cibis
628 3069 658 3108 ,
722 3023 961 3119 aere,
1023 3012 1378 3123 frigore,
1432 3037 1575 3099 aut
1623 3012 1779 3100 alia
1852 3013 2235 3129 quapiam
2301 3014 2384 3096 in
2444 3041 2531 3097 re
2592 3008 2910 3129 aliquid
2979 3012 3391 3125 probabili
3461 3019 3777 3104 ratione

383 3124 1042 3240 animadvertat,
1093 3131 1323 3251 quod
1392 3135 1815 3231 communi
1870 3134 2245 3217 omnium
2277 3197 2306 3236 ‚
2356 3129 2490 3217 vel
2562 3129 2808 3217 alicui
2860 3131 3101 3219 saluti
3156 3133 3441 3224 obesse
3491 3138 3772 3254 possit,

382 3242 802 3367 Abbatem
852 3253 1318 3342 admoneat.

1721 3371 1791 3459 c
1860 3373 1935 3459 A
2001 3372 2091 3457 P.
2193 3372 2434 3457 xvl.
2554 3482 2563 3490 ,

1758 3615 1895 3698 Dc
1955 3614 2365 3701 Jam'tore.
2492 3722 2497 3727 ι

504 3863 568 3946 1.
636 3853 1232 3945 Monasterium
1286 3877 1693 3973 perpetuo
1744 3854 1849 3940 sit
1899 3852 2269 3941 clausum
2309 3917 2333 3961 ,
2402 3854 2824 3978 clavisque
2890 3858 2973 3946 in
3026 3883 3257 3971 porta
3315 3892 3481 3949 non
3536 3862 3781 3952 relin-

389 4003 747 4096 quatur:
817 4010 912 4063 ac
973 4002 1403 4094 propterea
1452 3975 1777 4063 Janitor
1826 3975 1931 4062 ab
2003 3976 2333 4063 Abbate
2401 3982 2952 4065 constituatur
3018 3979 3485 4068 Monachus
3544 4014 3777 4073 man-

384 4123 693 4201 suetus,
746 4095 1112 4200 humilis,
1180 4100 1553 4211 patienS,
1603 4123 1708 4187 ‘et
1756 4094 2147 4203 sedulus,
2216 4100 2359 4214 qui
2419 4100 2722 4211 januae
2799 4097 3389 4190 custodiendae
3455 4135 3781 4222 semper

388 4224 760 4322 assistat,
826 4247 1180 4335 eamque
1243 4220 1554 4303 nemini
1607 4217 2210 4304 Monachorum
2281 4220 2647 4333 aperiat,
2704 4223 2855 4304 nisi
2913 4221 3275 4327 Socium,
3328 4247 3411 4308 et
3480 4255 3785 4314 exeun·

388 4341 472 4428 di
538 4339 954 4428 licentiam
1025 4337 1507 4429 obtinuerit.
1576 4336 1879 4427 Nullus
1956 4363 2233 4426 autem
2304 4370 2352 4425 e
2416 4336 2921 4427 Monasterio
3007 4340 3475 4452 egrediatur
3521 4410 3544 4452 ,
3624 4351 3785 4434 nisi

386 4496 582 4551 cum
649 4461 891 4546 Socio
928 4522 952 4565 ,
1021 4458 1523 4577 licentiaque
1574 4460 1822 4573 petita
1876 4518 1901 4562 ,
1968 4491 2064 4545 ac
2116 4463 2544 4574 impetrata
2580 4522 2603 4565 ,
2670 4478 2751 4547 et
2801 4460 3390 4563 benedictione
3448 4494 3785 4585 accepta

385 4587 492 4672 ab
544 4582 907 4688 Abbate,
946 4611 1090 4665 seu
1142 4580 1474 4667 Vicario
1504 4643 1538 4682 ,
1587 4601 1731 4666 aut
1784 4581 1864 4666 in
1920 4576 2219 4666 horum
2274 4579 2684 4688 absentia,
2753 4580 2859 4667 ab
2912 4587 3375 4702 antiquiore
3441 4618 3536 4673 ex
3589 4589 3788 4677 Pro·

383 4704 638 4796 fessis.
707 4704 816 4789 II.
887 4701 1405 4789 Vocantibus
1458 4702 1623 4787 cito
1671 4698 1883 4788 adsit
1930 4761 1954 4804 ,
2021 4724 2104 4788 et
2155 4697 2937 4815 respondeatzNon
2993 4726 3266 4790 tamen
3322 4712 3549 4822 prius
3599 4744 3785 4825 por·

388 4850 555 4913 tam
606 4828 970 4936 aperiat,
1023 4854 1275 4941 quam
1327 4854 1476 4938 per
1523 4819 1965 4909 fenestram
2019 4818 2299 4910 videat
2359 4823 2843 4940 qualitatem
2894 4857 3293 4941 personae
3344 4827 3791 4919 advenien-

388 4949 517 5033 tis.
573 4946 815 5055 Quae
875 4947 939 5030 si
993 4948 1173 5057 ejus
1224 4942 1723 5033 conditionis
1771 4942 2021 5031 fuerit
2055 5007 2080 5051 ,
2136 4967 2228 5030 ut
2276 4943 2561 5059 paucis
2620 4943 2898 5031 verbis
2947 4945 3474 5061 expediatur,
3534 4949 3618 5035 id
3671 4950 3788 5038 sa-

389 5070 555 5155 ciat
604 5095 799 5155 cum
851 5064 1077 5152 omni
1146 5062 1686 5150 humanitate.
1757 5064 1843 5150 Si
1892 5094 2092 5153 vero
2139 5062 2391 5153 fuerit
2439 5094 2787 5181 persona
2840 5070 3110 5178 gravis
3144 5131 3168 5176 ,
3223 5094 3367 5154 aut
3431 5072 3789 5185 Religio-

385 5222 530 5294 sa,
590 5208 912 5305 portam
963 5186 1325 5300 aperiat,
1392 5186 1840 5294 interroget
1888 5183 2097 5305 quid
2173 5187 2427 5295 velit,
2494 5183 2600 5272 ad
2666 5187 2941 5273 locum
3011 5187 3450 5275 honestum
3526 5191 3634 5279 ad
3696 5193 3786 5280 id

387 5307 891 5401 destinatum
943 5308 1435 5397 intromittat
1469 5368 1494 5413 ,
1537 5327 1648 5423 Δεει
1707 5304 1885 5393 sine
1948 5337 2170 5393 mora
2222 5304 2629 5419 significet
2694 5307 3030 5395 Abbati.
3102 5309 3255 5394 III.
3336 5310 3784 5405 Neminem

387 5422 997 5521 Monacborum
1048 5426 1228 5514 sine
1274 5424 1666 5519 facultate
1713 5424 2066 5515 Abbatis
2109 5427 2223 5516 ad
2269 5433 2609 5546 januam
2659 5452 2948 5518 vocet:
3018 5462 3202 5540 nec,
3275 5433 3430 5520 nisi
3495 5460 3786 5550 urgeat

391 5555 880 5656 necessitas,
951 5547 1275 5637 Janitor
1338 5547 1757 5636 licentiam
1822 5580 1974 5662 pro
2039 5548 2187 5635 illo
2251 5547 2634 5638 vocando
2695 5551 2802 5636 ab
2861 5550 3197 5640 Abbate
3276 5580 3577 5668 petat,
3640 5580 3788 5644 aut

394 5673 688 5762 Abbas
726 5670 951 5762 illam
1030 5673 1174 5767 det
1220 5735 1276 5783 ,.
1318 5702 1512 5760 cum
1560 5692 1889 5788 tempus
1938 5697 2059 5771 est
2120 5669 2409 5762 Divini
2464 5667 2747 5761 Officii
2803 5673 2889 5758 in
2955 5671 3239 5763 Choro
3274 5735 3299 5782 ,
3366 5676 3706 5769 Prandii
3740 5728 3783 5789 2,
