4834 6409
389 603 633 679 ‚anno
693 598 1098 695 renovent
1149 575 1303 663 boc
1366 572 1642 663 modo.-
1693 568 1800 661 ll.
1858 573 1953 660 In
2011 572 2675 688 Congregatione
2730 572 3549 675 Monachorumuna
3602 566 3808 663 heb-

385 680 763 793 ‚domada
827 719 1018 781 ante
1083 694 1382 807 festum
1438 700 1516 782 S.
1587 697 1846 783 Patris
1887 699 2156 805 nostri„
2187 701 2533 801 Antonii
2590 695 2879 799 Abbas
2921 720 3253 787 moneat
3300 720 3593 803 omnes
3642 692 3798 778 Re-

405 810 760 923 ligiosos·
803 813 918 901 de
961 812 1256 902 futura·
1301 818 1695 903 Votorum
1766 820 2292 903 renovatione
2329 880 2356 923 ‚
2423 842 2521 901 ut
2582 820 3153 934 uuusquisque
3221 846 3306 911 se
3374 833 3807 927 praeparet

389 929 508 1031 ‚ad
563 931 1188 1023 confessionem
1248 934 1936 1025 Sacramentalem
2005 940 2085 1019 in
2140 939 2570 1051 pervigilio
2631 936 2842 1042 festi,
2899 938 3032 1023 vel
3083 942 3258 1050 ipso
3309 934 3445 1020 die
3495 926 3806 1021 facien*-

387 1048 597 1145 xdam
652 1089 669 1135 :
747 1056 884 1139 ubi
970 1056 1583 1169 Communione
1647 1056 2058 1163 Fratrum,
2124 1090 2216 1141 ac
2273 1057 2637 1168 Liturgia
2694 1057 3064 1143 absoluta
3103 1119 3125 1161 ,
3195 1077 3801 1165 congregentur

405 1203 692 1291 omnes
759 1179 839 1263 in
883 1177 1172 1273 ‘locum
1225 1212 1266 1263 a
1321 1178 1880 1263 saecularibus
1930 1201 2422 1289 separatum,
2462 1181 2545 1261 in
2600 1209 2769 1293 quo
2825 1177 3106 1265 Abbas
3162 1173 3400 1261 faciat
3447 1175 3793 1259 brevem

407 1289 1065 1383 adhortationem
1121 1296 1227 1385 de
1277 1299 1513 1385 Votis
1567 1329 1752 1380 mox
1815 1295 2363 1382 renovandis:
2422 1296 2727 1387 deinde
2776 1301 3121 1399 cantatis
3168 1296 3516 1381 Litauiis
3566 1295 3656 1377 B.
3690 1292 3793 1373 V.

404 1412 519 1497 Μ.
559 1476 581 1519 ,
652 1438 736 1507 etz
803 1421 1157 1502 recitatis
1187 1417 1988 1525 ⁴secreto-Oratione
2041 1415 2477 1505 Dominica
2515 1480 2538 1524 ,
2628 1443 2709 1502 et
2770 1415 3728 1526 SalutationeAngelica
3772 1473 3796 1516 ‚
3860 1476 3875 1497 .

403 1530 577 1644 ipse
634 1534 918 1623 Abbas
981 1539 1211 1623 flexis
1248 1540 1595 1647 genibus
1655 1569 1939 1623 coram
2001 1538 2259 1621 Altari
2315 1538 2531 1647 legat
2583 1539 2799 1622 clara
2852 1569 3059 1625 voce
3109 1560 3591 1654 sequentem
3629 1532 3791 1618 for<-

400 1653 743 1738 mulam.
801 1655 980 1765 Ego
1031 1657 1133 1741 N.
1171 1656 1275 1741 N.
1317 1688 1646 1743 renovo
1683 1688 1950 1766 meam
2004 1656 2591 1769 professionem
2646 1664 3177 1744 monasticam
3213 1683 3348 1764 ,et
3400 1657 3791 1770 promitto

399 1768 591 1869 Deo
656 1772 1266 1889 Omnipotenti,
1322 1777 1845 1863 Beatissimae
1907 1778 2230 1886 Virgini
2286 1778 2623 1883 Mariae,
2683 1779 2986 1865 Sancto
3040 1779 3257 1863 Patri
3313 1800 3591 1862 nostro
3628 1778 3804 1857 An-

405 1897 637 1981 tonio
675 1959 698 2002 ,
754 1920 833 1980 et
904 1895 1471 1991 Reverendiss.
1526 1930 1713 1983 meo
1788 1898 2097 1983 Abbati
2170 1896 2555 2021 Geperali
2611 1896 2715 1982 N.
2771 1896 2923 2004 N.,
2958 1904 3304 2015 ejusque
3368 1900 3805 1999 Successo-

385 2014 692 2121 vribuS,
761 2014 1360 2122 obedientiam,
1382 2041 1977 2132 paupertatem,
2032 2040 2112 2103 et
2166 2020 2619 2103 castitatem
2670 2050 2934 2136 usque
2989 2017 3090 2104 ad
3132 2019 3802 2135 ‘mortemquxta

409 2134 865 2247 Regulam,
934 2160 1016 2221 et
1066 2136 1740 2245 Constitutiones·
1786 2166 2141 2221 nostras.
2219 2138 2423 2224 Item
2493 2142 2883 2252 promitto
2950 2170 3085 2224 me
3154 2140 3469 2223 nullam
3534 2135 3802 2244 digni-

409 2276 660 2343 tatem
728 2262 899 2343 sive
949 2261 1032 2340 in
1089 2255 1413 2343 Ordine
1465 2282 1741 2343 nostro
1794 2257 2295 2365 Monastico,
2349 2260 2521 2347 sive
2575 2282 2793 2344 extra
2825 2320 2848 2364 ,
2900 2259 3441 2363 ambiturum,
3490 2256 3626 2343 vel
3664 2284 3808 2368 po·

383 2377 905 2483 „stulaturum
959 2410 1105 2490 per
1154 2411 1287 2463 me
1338 2382 1638 2489 ipsum,
1701 2402 1845 2462 aut
1894 2410 2039 2490 per
2090 2379 2288 2461 alios
2336 2414 2394 2479 ‚·
2431 2409 2574 2464 seu
2627 2392 3289 2493 acceptaturum,
3354 2379 3512 2461 nisi
3575 2380 3810 2490 jussu

414 2495 974 2611 Superiorum.
1017 2498 1099 2581 Si
1154 2504 1260 2584 sit:
1306 2500 1591 2583 Abbas
1655 2496 2119 2601 Generalis,
2188 2500 2514 2585 omittat
2578 2530 2669 2585 ea
2734 2499 3015 2604 verba,
3076 2517 3160 2583 et
3228 2494 3801 2590 Reverendiss.
3912 2555 3933 2569 κ

414 2647 594 2699 meo
653 2619 970 2703 Abbati
1022 2618 1476 2722 Generali,
1528 2624 1873 2733 ejusque
1923 2619 2530 2703 successoribus
2582 2683 2607 2726 ,
2670 2641 2754 2704 et
2804 2651 3093 2705 eorum
3146 2619 3339 2717 loco
3380 2615 3603 2701 dicat
3636 2678 3661 2722 ,
3723 2633 3805 2697 et

419 2736 976 2824 Reverendiss.
1030 2740 1356 2823 Abbati
1407 2737 1814 2823 Generali
1836 2767 1996 2849 pro
2043 2755 2409 2849 tempore
2457 2736 2885 2845 existenti.
2955 2741 3177 2823 Tum
3242 2768 3579 2849 surgens
3635 2735 3807 2822 Ab·

412 2859 562 2943 bas
625 2856 728 2944 ad
781 2858 991 2941 latus
1042 2856 1468 2945 dexterum
1523 2858 1820 2943 Altaris
1871 2853 2170 2943 sedeat.
2239 2857 2434 2943 Mox
2501 2854 3093 2949 alii.Monachi
3156 2861 3382 2973 juxta
3448 2857 3804 2973 antiqui-

415 3000 664 3061 tatem
732 3009 960 3098 suam
1044 2980 1123 3062 in
1211 2975 1710 3091 professione
1781 2970 2128 3062 eandem
2191 2974 2543 3063 formam
2621 2982 3170 3069 renovationis
3246 2980 3654 3063 Votorum
3707 3005 3804 3061 ex

422 3096 821 3204 chartula,
875 3099 1046 3183 sive
1084 3098 1296 3182 libro
1363 3102 1441 3181 iu
1504 3098 1882 3187 manibus
1935 3096 2283 3179 Abbatis
2332 3101 2757 3204 existente,
2825 3099 3231 3209 genuflexi
3288 3124 3478 3184 ante
3535 3103 3799 3209 ipsum

417 3216 833 3301 Abbatem
892 3215 1330 3329 proferant.
1400 3218 1734 3327 Quibus
1805 3216 2084 3321 finitis,
2138 3243 2415 3327 surgat
2488 3217 2797 3324 Abbas,
2838 3243 2922 3305 et
2968 3221 3361 3305 omnibus
3431 3219 3607 3303 aliis
3671 3246 3809 3325 ge·

391 3336 798 3453 ‘unssexisg
853 3334 1096 3423 faciat
1145 3339 1775 3444 absolutionem,
1807 3335 2113 3423 dicens.
2166 3335 2399 3423 Deus
2457 3342 2935 3423 misereatur
2993 3342 3263 3446 vestri,
3315 3362 3395 3424 et
3445 3336 3810 3423 dimittat

390 3454 700 3555 „debita
766 3481 1025 3543 vestra
1066 3521 1090 3565 ,
1158 3466 1266 3545 et'
1305 3459 1722 3549 condonet
1783 3478 2108 3571 peccata
2177 3481 2503 3561 vestra,
2562 3482 2645 3545 et
2700 3456 3299 3571 perducat·vos
3371 3458 3477 3544 ad
3552 3462 3805 3545 vitam

389 3599 859 3663 aeternam.
919 3577 1477 3693 Respondent.
1541 3581 1848 3667 Amen.
1921 3576 2202 3661 Abbas
2238 3639 2264 3679 ,
2326 3576 2786 3661 Benedicat
2842 3611 2977 3663 vos
3037 3583 3580 3691 Omnipotens
3632 3580 3806 3665 De-

390 3727 569 3813 ·us:
635 3700 958 3803 Pater,
1008 3700 1470 3806 ec‘FiliuS,
1519 3720 1599 3785 et
1660 3700 2028 3815 Spiritus
2097 3697 2480 3787 Sanctus.
2547 3695 3109 3812 Respondent.
3180 3701 3488 3785 Amen.

1753 3894 1963 4030 CJA
2031 3937 2120 4021 P.
2247 3938 2450 4025 ΧΠ.

1117 4184 1286 4291 ‘De
1345 4182 1805 4267 Monaehis
1857 4180 2249 4296 infirmis,
2300 4198 2381 4263 et
2444 4176 3046 4264 decedentibus.

543 4422 608 4507 Ι.
677 4417 896 4533 Cum
947 4417 1413 4504 Monachus
1462 4421 1817 4527 graviter
1866 4443 2278 4528 aegrotare
2330 4421 2693 4532 coeperit
2743 4423 3016 4519 statim
3073 4418 3564 4511 confiteatur
3616 4422 3803 4507 Ab·

416 4543 623 4651 bati,
688 4540 819 4625 vel
874 4536 1392 4625 Confessario
1442 4541 1548 4623 ab
1602 4534 1892 4622 eodem
1946 4537 2490 4651 deputat0,.et
2536 4571 2760 4625 sacra
2814 4539 3429 4627 Communione
3481 4539 3807 4633 reficia-

389 4690 616 4770 tur,
683 4683 995 4745 servata
1048 4659 1152 4747 ad
1210 4659 1367 4744 hoc
1421 4657 1615 4745 hora
1685 4662 1937 4768 magis
1990 4663 2584 4761 conveniente,
2650 4682 3097 4779 antequam
3160 4661 3439 4747 cibum
3514 4668 3805 4777 capiat,
3882 4682 3893 4695 ⁶

421 4787 580 4867 nisi
633 4779 1067 4866 infirmitas
1116 4783 1466 4869 nimium
1510 4804 1855 4890 urgeret.
1909 4778 2087 4867 Nec
2139 4779 2351 4865 ultra
2403 4811 2672 4864 unum
2712 4813 2751 4864 a
2791 4784 3014 4891 gravi
3069 4778 3547 4869 infirmitate
3584 4784 3806 4871 diem

422 4900 852 4986 Confessio
901 4897 1218 4989 differri
1272 4904 1628 5011 poterit,
1692 4922 1774 4985 et
1823 4902 1887 4991 si
1954 4896 2130 4985 fieri
2183 4921 2453 5014 potest
2486 4963 2512 5005 ,
2581 4902 2824 4985 etiam
2890 4899 3445 5009 Communio:
3518 4926 3602 4987 et
3648 4927 3806 4991 sta-

417 5026 567 5108 tim
632 5021 1198 5135 praesentibus
1246 5016 1622 5126 duobus,
1662 5020 1799 5107 vel
1852 5018 2114 5105 tribus
2183 5019 2619 5107 Monachis
2683 5017 2939 5106 debet
2985 5020 3365 5107 infirmus
3432 5021 3805 5131 Abbati,

416 5142 553 5226 vel
641 5142 1127 5229 Oeconomo
1189 5140 1552 5227 revelare
1627 5139 1868 5243 bona,
1910 5143 2244 5248 omnia,
2309 5171 2670 5259 quorum
2738 5171 2981 5229 usum
3065 5140 3411 5247 habuit,
3488 5173 3642 5228 nec
3719 5145 3810 5230 in

423 5262 898 5374 Inventario
959 5257 1364 5374 descripta
1413 5282 1632 5345 sunt.
1702 5260 2100 5375 Alioquin
2131 5263 2207 5361 si
2242 5264 2608 5346 monitus
2643 5260 2749 5344 ab
2787 5260 3121 5359 Abbate
3150 5324 3177 5368 ,
3226 5263 3547 5369 omnia,
3587 5294 3803 5380 quae

399 5417 666 5500 ²supra
716 5381 935 5469 dicta
998 5406 1220 5485 sunt,
1257 5377 1528 5469 facere
1590 5376 2165 5467 detrectaverit
2197 5444 2223 5487 ,
2277 5405 2526 5499 atque
2576 5380 2814 5466 illum
2866 5383 3073 5467 mori
3134 5384 3605 5493 contigerit,
3642 5383 3811 5471 Ec-

399 5508 867 5619 ‚clesiastica
916 5504 1337 5618 sepultura
1390 5502 1787 5615 privetur,
1842 5524 1925 5585 et
1974 5496 2378 5614 suffragiis
2430 5498 2754 5588 divinis.
2826 5501 2907 5586 Si
2962 5532 3159 5587 vero
3224 5504 3805 5617 temporalium

419 5626 835 5715 bonorum
886 5620 1684 5714 administrationem
1752 5616 2166 5727 habuerit,
2211 5645 2648 5742 postquam
2703 5623 3064 5739 coeperit
3112 5623 3477 5735 graviter
3527 5654 3804 5737 aegro-
