4834 6409
3653 461 3827 554 355

1821 585 1894 674 C
1957 585 2037 674 A
2102 586 2196 673 P.
2311 586 2468 674 XI.
3807 641 3817 653 ι

591 898 632 911 ..
1314 828 1456 913 De
1506 825 1946 946 Praefecto
1997 858 2285 913 rerum
2332 825 2962 943 Spiritualium.
3060 848 3067 854 ·
3808 888 3813 893 -

573 950 641 1036 Ι.
723 949 824 1035 In
894 946 1285 1037 omnibus
1331 948 1852 1036 Mon'asteriis
1916 944 2471 1060 designandus
2523 951 2679 1036 erit
2730 943 3200 1035 Praefectus
3248 975 3552 1034 -rerum
3602 947 3836 1062 spiri·
3958 982 3959 985 ¹

449 1073 798 1165 matium
834 1133 860 1180 ,
913 1075 1154 1186 cujus
1204 1102 1507 1156 munus
1559 1073 1663 1156 sit
1709 1065 2291 1156 Confessiones
2345 1067 2968 1156 Monachorum
3017 1070 3388 1184 excipere
3418 1131 3443 1175 ,
3497 1096 3834 1154 eorum·

447 1227 617 1315 que
678 1191 1144 1308 profectum
1213 1192 1300 1276 in
1370 1194 1664 1304 spiritu
1717 1220 2222 1305 promovere.
2303 1190 2411 1274 ΙΙ.
2482 1190 3083 1302 Cognitionem.
3120 1190 3397 1308 itaque
3466 1188 3835 1274 Instituti

452 1317 797 1419 habeat,
851 1337 937 1399 et
999 1313 1276 1398 zelu‘m
1322 1312 1524 1397 boni
1588 1340 2059 1425 progressus
2111 1310 2524 1416 Fratrum,
2578 1341 2827 1431 quem
2868 1340 3308 1423 procurare
3355 1307 3611 1396 debet
3648 1336 3840 1398 'ver-
3914 1326 3919 1333 '

448 1436 622 1543 bo,
687 1456 774 1522 et
820 1433 1243 1547 exemplo:
1302 1433 1741 1519 amabilem
1805 1454 2221 1545 praeterea
2291 1463 2379 1518 se
2428 1436 2544 1519 eis
2595 1429 3023 1537 exhibeat,
3079 1453 3172 1514 ut
3222 1424 3329 1515 ad
3397 1461 3593 1516 eum
3664 1459 3843 1515 om-

453 1588 597 1644 nes
648 1551 1188 1665 confugiant,
1240 1549 1922 1670 confidenterque
1990 1583 2136 1638 sua
2198 1556 2475 1639 omnia
2542 1551 2984 1661 detegant,
3035 1572 3119 1635 et
3167 1550 3272 1636 ab
3323 1581 3422 1637 eo
3475 1550 3841 1637 consola·
3948 1575 3953 1580 ·

459 1681 826 1780 tionem,
878 1697 962 1760 et
1037 1674 1434 1759 auxilium
1499 1695 1833 1785 sperent
1889 1674 1976 1757 in
2042 1672 2438 1758 Domino.
2513 1673 2667 1756 ΙΙΙ.
2732 1672 3094 1757 Instruat
3154 1669 3611 1758 Monachos
3672 1674 3834 1786 pri·
3893 1762 3902 1771 ,

454 1800 738 1903 vatim,
776 1790 1239 1881 secundum
1295 1795 1947 1911 uniuscujusque
1995 1816 2380 1907 captum:
2426 1793 2909 1881 Praesertim
2961 1815 3055 1876 ut
3104 1794 3833 1908 pur-amintentio·

457 1949 654 2006 nem
713 1916 1006 2000 Divini
1074 1917 1382 2001 servitii
1436 1911 1851 2020 habeant,
1905 1936 1990 1999 et
2050 1910 2690 2002 familiaritatem
2762 1943 2953 1999 cum
3003 1910 3190 1999 Deo
3256 1916 3342 1998 in
3408 1912 3849 2027 spirituali·-

457 2037 618 2125 bus
668 2035 1132 2124 devotionis
1180 2035 1608 2121 exercitiis.
1667 2033 1810 2117 IV.
1876 2033 2114 2121 Petat
2145 2099 2176 2139 ,
2227 2066 2477 2153 quem
2531 2029 3037 2149 procedendi
3094 2031 3441 2117 modum
3490 2035 3574 2117 in
3630 2032 3839 2119 Ora·

461 2160 686 2245 tione
739 2153 1143 2260 habeant,
1195 2178 1280 2242 et
1327 2187 1429 2239 an
1484 2176 1764 2269 contra
1816 2185 2004 2239 suos
2054 2153 2428 2242 defectus
2479 2186 2815 2242 examen
2867 2155 3357 2267 particulare
3408 2152 3850 2241 observent

463 2303 550 2367 et
598 2311 702 2365 an
749 2288 1061 2363 'contra
1116 2272 1624 2361 inordinatos
1688 2271 2034 2360 affectus
2094 2279 2422 2390 propria
2478 2272 2838 2362 remedia
2887 2272 3361 2381 adhibeant.
3413 2274 3531 2359 Et
3576 2277 3664 2359 in
3720 2305 3845 2360 so-

466 2397 658 2485 lidis
721 2395 1171 2485 virtutibus
1247 2391 1813 2514 acquirendis,
1853 2399 2328 2510 praesertim
2383 2393 2850 2484 obedientia
2882 2457 2907 2502 ,
2959 2425 3236 2480 amore
3284 2392 3476 2501 Dei,
3532 2415 3614 2481 et
3665 2425 3849 2509 pro-

467 2520 709 2624 ximi,
763 2517 1074 2637 quibus
1115 2539 1458 2602 utantur
1526 2511 1890 2600 mediis:
1921 2514 2040 2599 Et
2088 2513 2194 2601 cle
2241 2518 2772 2633 poenitentiis
2802 2579 2826 2621 ,
2891 2537 2971 2603 et
3036 2516 3211 2601 aliis
3259 2518 3581 2628 pietatis
3629 2545 3854 2602 exer·

463 2638 1020 2727 citationibus.
1101 2637 1204 2723 V.
1267 2637 1709 2724 Versatum
1776 2665 1971 2721 eum
2019 2652 2569 2752 oportet'esse
2621 2640 2705 2720 in
2763 2636 3117 2722 lectione
3165 2632 3569 2721 librorum
3616 2637 3851 2750 spiri·
3972 2648 3981 2655 ’

466 2760 819 2848 tualium
858 2823 884 2864 ,
954 2783 1037 2844 et
1100 2759 1559 2872 unicuique
1621 2751 2015 2841 decernat
2073 2779 2398 2872 tempus
2446 2820 2472 2864 ,
2546 2779 2631 2843 et
2691 2753 3040 2841 modum
3107 2787 3301 2841 cum
3366 2752 3648 2869 fructu
3715 2786 3852 2843 eos

468 2876 825 2990 legendi.
882 2877 1028 2961 VI.
1082 2876 1595 2961 Peculiarem
1659 2906 1944 2961 curam
1994 2874 2296 2963 habeat
2372 2877 2851 2964 consolandi
2920 2872 3269 2963 afflictos
3304 2938 3329 2981 ,
3395 2899 3480 2963 et
3533 2871 3854 2989 tepidos

473 2994 992 3107 exhortandi,
1023 2995 1386 3083 remedia
1416 3026 1561 3110 pro
1612 3001 2022 3114 cujusque
2065 3001 2554 3084 necessitate
2584 2993 3091 3101 adhibendo,
3132 2997 3407 3115 qualia
3440 2992 3855 3095 suntzfress

475 3120 875 3239 quentius
921 3114 1538 3221 Confessionis,
1606 3138 1691 3203 et
1736 3115 2311 3205 Eucharistiae
2361 3124 2886 3207 Sacramenta
2951 3115 3241 3228 obire3
3301 3117 3504 3231 plus‘
3544 3139 3854 3231 tempo-

479 3246 587 3325 ris
638 3239 1017 3324 Orationi
1067 3234 1606 3351 impendere3
1661 3237 1845 3353 plus
1897 3236 2214 3355 aliquid
2279 3239 2833 3353 poenitentiae
2882 3267 3347 3324 assumeret
3412 3235 3661 3323 libros
3709 3238 3857 3323 ali·-
3900 3260 3901 3263 ‘

479 3391 688 3477 quos
746 3358 1209 3472 spirituales
1276 3358 1610 3467 legere,
1689 3377 1774 3443 et
1847 3358 2169 3443 similia.
2243 3359 2819 3473 Praecipuam,
2861 3389 3065 3446 vero
3134 3389 3417 3444 curam
3470 3355 3862 3448 adhibeat

480 3483 696 3567 circa
746 3478 1203 3564 Monachos
1252 3478 1502 3563 laicos
1536 3541 1560 3586 ,
1616 3508 1874 3565 novos
1922 3483 2429 3593 praesertim,
2484 3476 3135 3586 etinfirmiores,
3191 3502 3284 3565 ut
3334 3480 3593 3597 quieti
3649 3483 3854 3591 sint,

411 3598 566 3687 ἐι
630 3616 846 3688 sorte
908 3596 1288 3685 Marthae
1369 3600 1734 3686 contenti
1773 3660 1799 3704 ,
1862 3593 2329 3718 dirigatque
2403 3620 2541 3686 eos
2578 3662 2602 3704 ,
2686 3599 2832 3685 ubi
2914 3630 3121 3713 opus
3191 3596 3467 3686 suerit.
3525 3599 3861 3689 Praeter

481 3751 626 3808 eos
686 3750 886 3809 vero
936 3781 962 3825 ,
1037 3749 1244 3837 quos
1310 3720 1501 3803 satis
1566 3723 2008 3806 instructos
2077 3720 2361 3831 Abbas
2437 3718 3001 3836 judicaverit,
3068 3750 3261 3805 cum
3350 3750 3856 3839 unoquoque

481 3872 719 3953 agere
768 3839 876 3928 de
936 3838 1064 3925 his
1129 3839 1342 3926 ultra
1406 3870 1778 3927 mensem
1829 3869 1997 3925 non
2052 3834 2406 3927 differat.
2465 3840 2726 3954 Saepe
2774 3871 2974 3928 vero
3026 3838 3487 3927 consideret
3508 3884 3542 3950 ·,
3606 3872 3858 3958 quem

482 3958 852 4047 fructum
914 3958 1342 4046 bonorum,
1395 3972 1739 4076 operum
1804 3990 1903 4046 ex
1970 3964 2338 4049 oratione
2374 4025 2400 4069 ,
2454 3959 3181 4069 etmeditatione,
3235 3984 3320 4048 et
3378 3992 3475 4047 ex
3527 3962 3863 4080 reliquis

487 4078 728 4166 rebus
777 4078 1342 4193 spiritualibus
1391 4081 1840 4191 colligant,
1896 4102 2020 4169 ut‘.
2056 4086 2138 4165 in
2210 4079 2385 4169 dies
2439 4085 2690 4194 magis
2738 4086 2840 4170 iu
2925 4082 3296 4168 Domino
3360 4078 3798 4196 proficiant
3837 4149 3857 4169 .

481 4200 675 4284 Vll.
752 4197 848 4283 In
905 4196 1031 4282 his
1081 4195 1467 4284 omnibus
1514 4199 1794 4288 videat
1827 4262 1853 4306 ,
1924 4231 2026 4300 ne
2090 4200 2296 4287 ordo
2349 4206 2806 4320 unicuique
2856 4204 3403 4318 praescriptus
3464 4202 3863 4315 impedia-

487 4344 624 4407 tur
669 4384 700 4427 ,
755 4319 904 4402 nisi
979 4314 1513 4431 cumAbbas
1563 4321 1796 4406 aliter
1850 4318 2367 4433 judicaverit.
2446 4322 2685 4407 Vltl.
2758 4321 3071 4410 Curam
3136 4321 3436 4409 habeat
3485 4320 3860 4411 Novitio-

401 4440 425 4460 ⁸
488 4453 728 4545 rum',
782 4440 849 4523 si
902 4442 1046 4556 qui
1098 4442 1181 4522 in
1236 4437 1739 4526 Monasterio
1785 4436 2152 4548 fuerint,
2196 4447 2349 4529 nisi
2403 4440 2504 4530 ab
2564 4443 2895 4533 Abbate
2944 4440 3284 4530 aliunde
3333 4468 3863 4557 prospectum

485 4566 636 4647 sit:
705 4582 791 4648 et
838 4590 1026 4671 erga
1078 4589 1216 4645 eos
1290 4556 1720 4647 observare
1768 4557 2096 4648 studeat
2144 4625 2169 4670 ,
2223 4595 2438 4682 quae
2487 4569 2710 4678 juxta
2779 4565 3094 4677 regulas
3162 4564 3531 4675 Magistri
3611 4564 3864 4653 Novi-

487 4687 790 4769 tiorum
844 4677 1252 4766 observari
1304 4678 1738 4768 commode
1787 4704 2202 4795 poterunt.
2242 4684 2392 4768 IX.
2436 4676 3012 4771 Confessiones
3061 4682 3662 4772 Monachorum
3715 4719 3856 4771 au·

495 4802 690 4888 diet.
750 4802 915 4907 Et,
971 4806 1046 4886 si
1113 4796 1394 4889 Abbas
1442 4801 1936 4914 judicaverit
1995 4801 2266 4890 eidem
2311 4806 2662 4913 alium,
2732 4806 2862 4893 vel
2922 4806 3121 4892 alios
3190 4802 3644 4920 adJungere
3726 4840 3867 4921 po·

494 4924 684 5125 ffirit
736 4956 758 5029 ς
809 4951 978 5062 non
1025 4941 1299 5006 autem
1352 4923 1682 5036 plures,
1721 4953 1969 5040 quam
2023 4949 2440 5043 quatuor‘3
2478 4956 2576 5043 ‘et
2624 4924 2963 5045 quidem
3017 4928 3104 5014 in
3167 4924 3867 5047 frequentioribus

551 5064 1021 5129 :onustans
1072 5063 1422 5127 tantum.

1843 5164 2060 5252 C'A
2121 5166 2214 5253 P.
2324 5166 2526 5254 XII.
2610 5228 2617 5237 ·

967 5482 972 5489 .
1515 5476 1522 5487 .
1615 5407 1756 5493 De
1817 5405 2259 5524 Praefecto
2307 5405 2765 5495 Ecclesiae.

627 5524 689 5609 Ι.
760 5519 1232 5609 Praefectus
1306 5523 1733 5614 Ecclesiae
1790 5525 1893 5614 ab
1964 5524 2292 5615 Abbate
2356 5532 2938 5638 constituitur,
3004 5534 3244 5645 cujus
3297 5527 3699 5620 Officium
3752 5548 3876 5625 est

502 5676 629 5733 res
679 5645 1137 5755 Ecclesiae,
1186 5670 1270 5734 et
1318 5644 1580 5735 Chori
1639 5645 2080 5758 custodire,
2130 5670 2213 5736 et
2264 5680 2610 5856 curare}
2615 5673 2714 5738 ut
2761 5652 3068 5742 Divina
3119 5647 3424 5741 Officia
3474 5687 3628 5741 suo
3667 5678 3876 5745 tem.-

2635 5803 2693 5886 y
2746 5805 2792 5860 2
