4834 6409
3593 480 3703 566 23

384 594 714 707 gionem
766 589 1247 711 profitentes
1277 560 1841 709 'in'ejusdem
1872 589 2402 682 confessionis
2455 594 2918 683 stabilitate⁸
2952 587 3567 681 confirmandos
3597 636 3640 704 ,‘
3677 506 3781 682 5³9-

385 745 489 803 ve
540 718 625 802 in
683 715 1049 802 tenebris
1112 712 1634 800 ambulantes
1668 779 1702 818 ‚
1763 734 1846 801 et
1893 716 1980 799 in
2034 717 2330 802 umbra
2383 720 2670 804 mortis
2734 714 3112 803 sedentes
3162 714 3596 824 Evangelii
3633 718 3778 801 ·lu-

386 867 569 925 cem
626 837 732 923 ab
770 836 999 920 omni
1030 866 1358 948 prorsus
1404 837 1658 921 etiam
1708 834 1873 923 levi
1922 839 2221 921 erroris
2270 838 2576 924 nebula
2628 854 2926 952 puram
2953 832 3782 956 edocendos-ubique

387 954 837 1069 advigilare
911 979 1331 1070 pergunt,
1395 950 1834 1071 praecipua
1890 957 2415 1070 Apostolicae
2493 958 2910 1044 charitatis
2959 955 3228 1042 studia
3287 948 3778 1044 coneiliasse

384 1076 652 1163 Nobis
701 1074 1100 1163 videmini
1155 1077 1321 1162 Vos
1372 1074 1913 1169 venerabiles
1956 1076 2352 1186 Fratres,
2416 1078 2848 1164 Dilecti·.F
2855 1079 2967 1162 ilii
3001 1141 3025 1183 ,
3105 1076 3771 1199 qui-inficeti&

391 1199 681 1309 Regno
724 1201 1033 1281 animas
1068 1220 1375 1283 vestras
1422 1226 1574 1310 pro
1624 1194 2015 1286 fratribus
2068 1203 2354 1284 vestris
2403 1198 2728 1285 assidue
2777 1220 3085 1313 ponere
3123 1226 3289 1282 non
3342 1193 3769 1287 dubitatis.

385 1320 510 1404 Ea
564 1341 900 1433 propter
956 1314 1564 1403 Sacerdotalem
1616 1317 2212 1403 Pastorum'ab
2263 1343 2539 1432 aperta
2609 1319 3043 1404 hominum
3104 1321 3189 1404 vi
3225 1381 3249 1423 ,
3337 1340 3423 1401 et
3470 1320 3577 1401 ab
3625 1332 3770 1403 00⁴³

387 1434 631 1524 cultis
694 1459 1235 1523 tartareorum
1288 1436 1651 1521 hostium
1704 1434 2027 1522 insidiis
2094 1435 2644 1524 orthodoxum
2699 1439 3011 1524 Christi
3061 1466 3392 1550 gregem
3454 1440 3781 1552 sapien*

383 1563 691 1647 tissime
769 1562 1218 1644 tutantium
1272 1559 1782 1669 vigilantiam
1860 1555 2133 1668 dignis
2194 1558 2587 1645 laudibus
2675 1558 3258 1646 commendare
3333 1560 3526 1641 satis
3593 1588 3774 1644 non

380 1710 817 1795 possumus
854 1741 879 1785 ,
945 1706 1111 1764 non
1178 1711 1415 1765 secus
1463 1676 2340 1793 atque.incredibilem
2391 1682 2949 1795 operariorum
3000 1680 3246 1766 etiam
3301 1679 3384 1760 in
3437 1706 3766 1765 summa

383 1823 851 1916 temporum
906 1802 1338 1914 asperitate
1390 1801 1934 1883 constantiam
1989 1801 2295 1913 inyicta
2340 1794 3016 1887 ‘fortitudine-ab
3068 1796 3775 1909 excolende.agro

385 1922 527 2006 illo
580 1921 779 2005 olim
844 1916 1340 2005 fertilissimo
1377 1982 1401 2024 ‚
1456 1909 1684 2002 nunc
1734 1941 1857 2007 tot
1904 1919 2299 2031 vepribus
2333 1986 2363 2026 ,
2414 1922 2914 2039 tribulisque
2971 1922 3304 2035 oppleto
3355 1946 3777 2035 nusquam

385 2038 965 2152 defatigatam:
1038 2043 1202 2124 imo
1281 2042 1734 2151 plurimum
1820 2042 1903 2123 in
1969 2039 2338 2127 Domin'o
2389 2069 2785 2161 utrosque
2833 2037 3518 2127 commendantes
3568 2101 3591 2143 ‚
3667 2037 3806 2131 de·

381 2185 612 2272 parta
672 2193 815 2275 per
864 2161 1379 2276 Apostolicos
1428 2161 1746 2246 labores
1801 2160 2210 2247 uberrima
2278 2160 2703 2249 fructuum
2745 2227 2768 2268 ,
2837 2162 3047 2248 idest
3099 2161 3597 2276 populorum
3667 2158 3775 2246 ad

384 2284 983 2369 amantissimae
1067 2279 1545 2366 Catholicae
1621 2280 2042 2367 Ecclesiae
2131 2286 2407 2367 sinum
2477 2288 2560 2368 in
2647 2282 2823 2368 dies
2909 2280 3439 2368 redeuntium
3531 2283 3771 2394 copia

382 2408 932 2516 maximopere
981 2432 1303 2516 semper
1356 2404 1625 2488 laetati
1692 2433 2000 2485 sumus.
2072 2406 2561 2514 Augebatur
2614 2408 2862 2489 animi
2923 2404 3174 2488 nostri
3245 2401 3550 2489 laetitia
3592 2461 3616 2505 ‚
3681 2423 3776 2486 et

386 2521 851 2609 incredibili
940 2524 1361 2636 voluptate
1428 2524 1682 2632 magis
1764 2525 2191 2640 magisque
2245 2522 3009 2635 perfundeimmur,
3079 2525 3772 2640 quotiescumque

383 2677 590 2730 nova
627 2708 648 2748 ‚
680 2668 764 2729 et
812 2649 1307 2758 optatissima
1364 2642 1471 2728 de
1522 2642 1768 2727 rebus
1818 2640 2299 2751 hujusmodi
2366 2649 2655 2729 nuntia
2719 2645 2826 2731 ad
2880 2640 3396 2731 venerabiles
3448 2638 3778 2725 Fratres

384 2791 696 2851 nostros
751 2766 830 2849 S.
868 2766 962 2848 R.
998 2766 1095 2847 E.
1154 2762 1637 2848 Cardiuales
1690 2766 2031 2874 negotiis
2088 2762 2673 2878 propagandae
2721 2765 2915 2851 fidei
2977 2754 3774 2879 praepositos-saepe

382 2888 619 2970 allata
673 2884 775 2969 ad
828 2885 996 2969 Nos
1052 2884 1671 2986 referebantur,
1726 2916 1819 2969 ae
1873 2885 2381 2995 potissimum
2443 2919 2635 2971 eum
2690 2919 2785 2971 ex
2835 2884 3142 2970 dilecto
3195 2878 3409 2964 Filio'
3461 2878 3768 2964 Nostro

378 3005 827 3091 Dominico
874 3002 1243 3117 ejusdem
1300 3007 1377 3088 S.
1419 3005 1509 3087 R.
1550 3002 1653 3087 E.
1694 3004 2187 3116 Presbytero
2221 3004 2644 3092 Cardinali
2691 3004 2982 3093 Rivera
3040 3022 3526 3113 nuncupato
3577 3004 3770 3086 ista-³

381 3158 564 3211 rum
616 3127 1105 3212 Missionum
1163 3122 1380 3237 apud
1432 3124 1603 3208 Nos
1638 3184 1663 3221 .,
1731 3147 1812 3208 et
1866 3122 2078 3233 hanc
2134 3128 2521 3213 Sanctam
2577 3126 2880 3213 Sedem
2949 3127 3436 3237 protectore·
3489 3124 3769 3209 omnia

379 3245 1064 3356 intelligebamus,
1120 3244 1433 3331 Verum
1489 3243 1792 3330 deinde
1844 3267 2166 3329 tautum
2223 3278 2392 3362 quo
2444 3243 3077 3362 perfruebamur
3113 3309 3139 3349 ,
3189 3242 3762 3359 solatium-110³·

374 3369 503 3452 bis
557 3371 1101 3479 interceptum
1167 3368 1571 3452 sensimus
1604 3428 1627 3471 ,
1695 3394 1889 3450 cum
1938 3363 2315 3451 dolentes
2367 3372 2836 3481 accepimus
2888 3400 3050 3451 non
3109 3367 3375 3452 levem
3441 3366 3761 3449 animo-

376 3520 558 3573 rum
614 3486 1316 3602 'perturbationem
1376 3486 1615 3571 isthic
1666 3509 2026 3571 exortam
2079 3518 2253 3573 esse
2286 3551 2313 3593 ‚
2366 3487 2594 3574 unde
2642 3487 3106 3575 verendum
3157 3507 3329 3570 erat
3365 3546 3389 3587 ‚
3447 3482 3772 3571 nefra-

378 3635 605 3694 terna
661 3611 876 3693 inter
925 3606 1472 3717 Evangelicos
1524 3607 1965 3722 operarios
2016 3606 2416 3694 haetenus
2497 3610 3025 3695 laudabiliter
3089 3600 3499 3692 custodita
3567 3626 3772 3690 oon-¹

376 3729 652 3815 cordia
692 3791 714 3833 ‚
770 3751 856 3812 et
906 3740 1457 3814 consentanea·
1489 3794 1516 3833 ,
1579 3730 2121 3847 institutaque
2174 3728 2531 3839 agendi,
2597 3728 3178 3845 sentiendique
3232 3728 3494 3827 ratio,
3531 3718 3776 3843 quae·

376 3883 501 3937 res
552 3848 767 3934 duae
819 3851 899 3932 in
957 3847 1506 3961 provehendis
1557 3849 2109 3958 Evangelioae
2161 3849 2357 3959 legis
2411 3853 2516 3936 ab
2568 3855 2789 3935 omni
2850 3880 3176 3966 prorsus
3229 3851 3772 3935 contentione

373 3974 685 4056 alienae
725 4034 747 4070 ,
819 3993 902 4053 et
952 3972 1033 4053 in
1092 3968 1954 4087 pacisxtranquillitate
2008 3973 2313 4081 positae
2362 3971 2818 4057 commodis
2857 4037 2878 4078 ‚
2947 3994 3022 4055 et
3081 3964 3520 4076 triumphis
3567 3969 3768 4083 plu0'

284 4191 295 4199 ἡ
378 4096 680 4174 rimum
733 4113 1071 4202 possunt
1122 4121 1283 4198 una
1339 4091 1674 4174 insimul
1726 4087 2340 4176 interdicerent.
2383 4093 2954 4200 Quamobrem
3010 4093 3092 4173 in
3150 4083 3557 4172 mandatis
3610 4084 3772 4174 dei·-

378 4209 702 4314 dimus‚
770 4231 861 4293 ut
914 4206 1161 4294 iidem
1216 4206 1698 4323 Cardinales
1767 4215 2110 4319 negotiis
2162 4211 2746 4327 propagandae
2798 4209 3036 4295 Fidei
3100 4208 3541 4322 praepositi
3613 4237 3764 4322 op-

374 4356 728 4445 portuna
782 4328 1321 4446 malisqquae
1372 4332 1802 4414 imminere
1852 4327 2501 4418 formidabamus
2552 4328 3064 4435 avertendis,
3108 4323 3760 4444 reparandisque

375 4449 734 4538 remedia
788 4446 1337 4535 adhiberent-z
1411 4451 1519 4533 Hi
1573 4470 1849 4537 autern
1924 4473 2358 4567 postquam
2413 4484 2561 4561 ea,
2629 4487 2789 4571 qua
2880 4483 3022 4565 par
3071 4472 3304 4559 erat,
3374 4451 3757 4534 consilio-

373 4604 555 4658 rum
612 4573 1079 4658 maturitate
1160 4600 1329 4655 rem
1385 4568 1961 4687 expendissent
2007 4568 2146 4659 die
2207 4605 2339 4659 ro.
2413 4575 2905 4662 Decembris
2968 4572 3248 4685 1736.‚
3303 4567 3754 4658 ediderunt

372 4693 825 4780 Decretum
883 4693 1186 4778 tenoris
1237 4696 1380 4809 qui
1436 4696 1834 4810 sequitur.

490 4816 946 4901 Decretum
999 4813 1292 4898 Sacrae
1338 4813 2018 4925 Congregationis
2066 4817 2579 4933 particularis
2627 4800 2736 4902 de
2776 4808 3306 4933 propaganda
3342 4811 3752 4899 Fide-ha-

374 4938 597 5022 bitae
647 4932 781 5018 die
841 4965 960 5019 10·
996 4935 1536 5046 -Septembris
1608 4936 1858 5053 1736.
1916 4935 2355 5024 Referente
2407 4937 2504 5022 R.
2560 4938 2651 5021 P.
2703 4937 2811 5021 D.
2870 4937 3300 5053 Philippus
3356 4931 3463 5019 de
3512 4932 3758 5017 Mon·

373 5057 598 5142 tibus
652 5054 1104 5159 secretario
1152 5076 1454 5140 statum
1506 5055 1996 5141 Missionum
2054 5081 2229 5143 tum
2283 5060 2368 5144 in
2433 5059 2893 5144 Provinciis
2941 5055 3453 5172 planioribus
3488 5115 3512 5158 ‚
3567 5076 3757 5139 tum

373 5181 457 5264 in
512 5175 925 5259 montanis
961 5235 987 5280 ,
1053 5172 1522 5291 Insulisqne
1585 5173 2155 5291 adjacentibus
2208 5178 2471 5291 Regni
2527 5180 2901 5285 Scotiae,
2953 5176 3152 5261 Effii
3209 5176 3369 5291 PP.
3425 5205 3597 5258 rem
3655 5174 3762 5261 ab

371 5292 707 5387 exordio
789 5313 1311 5406 repetentes,
1392 5300 1693 5380 iterum
1756 5326 1912 5412 pro
1993 5298 2285 5384 merita
2363 5296 2616 5386 laude
2696 5293 3395 5390 commendarunt
3478 5295 3770 5382 zelum

371 5420 809 5536 utriusque
861 5415 1167 5501 Viearii
1248 5418 1699 5531 Apostolici
1738 5482 1763 5525 ‚
1829 5422 2377 5538 omniumque
2462 5422 2913 5534 respective
2994 5417 3759 5523 Missionariorum·,

370 5542 517 5658 q'ui
569 5533 677 5625 ad
725 5532 1319 5627 ostendendam
1358 5602 1383 5646 ‚
1423 5560 1671 5661 atque
1718 5536 2235 5655 probandam
2286 5560 2521 5629 suam
2575 5538 2912 5639 filialem
2944 5602 2971 5646 ‚
3024 5569 3120 5626 ae
3173 5540 3586 5625 sinceram
3641 5567 3773 5623 er·

369 5660 921 5775 ga·²Sanctam·
953 5662 1517 5781 Apostolicam
1571 5658 1871 5749 Sedem
1911 5725 1937 5770 ‚
1981 5692 2136 5752 nec
2199 5690 2365 5752 non
2418 5688 2609 5781 erga
2661 5663 3202 5751 Summorum
3253 5652 3768 5758 Pontificum
