4834 6409
702 551 1035 623 Minion-
1064 444 1251 670 27}
1314 563 1453 651 25.
1499 563 1851 681 Insuper
1880 558 2458 653 'Missionarios
2506 586 2671 652 tam
2723 564 2828 652 ab
2867 565 3044 682 ipso
3094 557 3527 680 Leopoldo
3571 551 4218 679 Archiepiscopo
4263 528 4434 691 5³ss

665 645 1037 826 3ωὲἆὶῗὲ
1059 681 1575 794 designatos,
1642 710 1724 772 et
1774 690 2291 809 nominatos,
2327 716 2599 888 ‘quam
2650 687 2822 775 sive
2872 687 2978 772 ab
3029 690 3204 802 ipso
3254 690 3502 773 etiam
3552 748 3586 803 ².
3646 688 3820 773 sive
3863 684 4032 768 suis
4111 709 4434 767 succes·
4485 796 4506 814 θ

665 827 1002 916 designau—
1058 806 1380 890 soribus
1447 809 1529 890 in
1582 827 1997 918 posterum
2048 809 2275 919 juxta
2405 805 2712 920 apitula
2749 868 2774 912 ,
2863 805 3219 917 Regulas
3269 868 3295 912 ,
3373 827 3459 891 et
3521 806 3782 916 Mges
3874 801 4466 916 praeinsertas⁴

671 918 773 984 dis
828 920 979 1025 alio·
1059 922 1657 1035 designandos,
1726 950 1810 1011 et
1872 923 2415 1011 nominandos
2465 956 2786 1041 semper
2847 926 3362 1040 Apostolicos
3411 923 3968 1010 Missionarios
4016 915 4182 1005 dici
4214 981 4240 1026 ‚
4292 918 4437 1043 vo}

667 1009 1003 1166 {3235
1058 1047 1284 1148 cari,
1324 1066 1407 1129 et
1456 1075 1629 1130 esse
1678 1043 1968 1132 eadem
2030 1051 2513 1131 auctoritate
2573 1040 3148 1150 decernimus,
3191 1066 3274 1132 et
3319 1038 3879 1145 declaramus,
3941 1036 4424 1155 eisdemque

662 1211 813 1257 rum
858 1161 1642 1280 prae-Missionariis‚
1707 1187 1805 1251 ut
1879 1166 2321 1268 omnibus,
2383 1187 2468 1249 et
2546 1162 2887 1274 singulis
2962 1164 3465 1278 privilegiis,
3531 1161 4042 1261 honoribus,
4106 1160 4431 1272 praero‘-

668 1283 1409 1391 rosatupmgativis,
1509 1305 1593 1370 et
1667 1284 2385 1399 exemptionibus,
2452 1278 2757 1401 quibus
2833 1282 3310 1398 hujusmodi
3395 1283 3851 1399 Apostolici
3935 1277 4430 1364 Missionarii

667 1373 1034 1529 θξαΡζΙᾚιῗ
1059 1423 1225 1485 tam
1293 1399 1397 1485 de
1446 1406 1627 1515 jure
1659 1467 1689 1505 ,
1740 1435 1949 1508 usu,
2017 1427 2102 1488 et
2151 1400 2811 1509 consuetudine,
2876 1434 3126 1520 quam
3210 1396 4101 1518 alias'quomodolibet
4165 1418 4420 1480 utun·

664 1483 794 1617 iub.
944 1485 987 1553 g
1058 1542 1195 1604 tur
1229 1582 1255 1626 ,
1316 1518 1712 1607 fruuntur
1743 1585 1774 1624 ,
1837 1545 1920 1608 et
1969 1519 2332 1634 gaudent
2382 1585 2405 1628 ,
2471 1553 2567 1607 ac
2617 1524 2777 1628 ut'i,
2858 1521 3075 1627 frui,
3141 1544 3224 1607 et
3271 1519 3630 1632 gaudere
3677 1540 4020 1635 possunt
4053 1582 4077 1628 ,
4131 1536 4232 1601 ‘et
4281 1542 4426 1628 po-

1062 1663 1338 1724 terunt
1388 1643 1473 1724 in
1537 1639 1914 1728 futurum
1952 1706 1981 1745 ,
2044 1643 2219 1755 pari
2270 1638 2573 1745 mod0,
2642 1646 2818 1748 uti,
2894 1638 3113 1745 frui,
3179 1664 3264 1727 et
3311 1641 3669 1751 gaudere
3719 1640 3974 1724 libere
4012 1697 4037 1742 ,
4099 1656 4189 1720 et
4250 1635 4446 1719 lici·-

1054 1781 1140 1843 te
1204 1763 1581 1872 possint,
1641 1785 1729 1849 et
1808 1762 2137 1851 valeant
2223 1760 2706 1849 auctoritate
2784 1757 3200 1877 praedicta
3283 1759 3816 1848 concedimus
3865 1821 3890 1866 ,
3974 1776 4060 1843 et
4139 1750 4431 1838 indul-‘-

1054 1909 1367 1988 gemus.
3679 1877 3686 1883 ’
4097 1880 4104 1886 ’
4399 1892 4412 1903 ’

714 2000 1037 2107 {los-dirs-
1174 1997 1243 2097 S.
1301 2002 1437 2085 26.
1502 1997 1914 2083 Volumus
1963 2030 2352 2117 quoque,
2418 2022 2514 2084 ut
2562 1997 3053 2085 Missionarii
3139 2003 3309 2108 sic,
3386 2020 3480 2083 ut
3528 1996 4124 2112 praemittitur,
4194 1992 4426 2077 insti·

674 2107 923 2248 {²¹:⁰²2ss
966 2105 1034 2231 ’ἓξ
1058 2110 1271 2222 tuti,
1341 2148 1435 2202 ac
1511 2116 1901 2231 deinceps
1954 2121 2035 2202 in
2100 2117 2514 2234 praedicta
2571 2117 2943 2205 Dioecesi
3027 2116 3577 2224 instituendi,
3641 2138 3810 2201 tam
3873 2110 4145 2201 eidem
4210 2110 4422 2235 Leos-

671 2206 1005 2339 ηῃΡθΑιῘῘι
1059 2232 1309 2348 poldo
1368 2235 1769 2322 moderno
1802 2300 1826 2342 ,
1895 2269 2141 2355 quam
2203 2268 2352 2350 pro
2435 2261 2805 2352 tempore
2854 2240 3388 2345 existentibus
3437 2233 4098 2350 Archiepiseopis
4187 2229 4430 2315 Salis·

676 2362 1034 2469 elffiepaub·
1056 2353 1404 2466 burgen.
1477 2359 1916 2465 regimini,
1979 2380 2068 2443 et
2127 2357 2560 2445 directioni
2631 2360 2714 2442 in
2810 2359 2970 2462 iis,
3032 2389 3247 2476 quae
3326 2355 3432 2445 ad
3482 2359 3959 2443 exercitium
3993 2348 4426 2437 -Missionis

679 2452 803 2521 ‘¹³’
1054 2478 1530 2587 pertinent,
1596 2477 2081 2588 subjacere,
2147 2480 2430 2596 eisque
2514 2479 2857 2562 omnino
2935 2508 3221 2591 parere
3284 2477 3708 2578 debeant,
3771 2505 3864 2559 ac
3927 2471 4417 2593 necessarias

1053 2590 1482 2680 facultates
1538 2592 1644 2679 ad
1694 2595 2126 2682 Missiones
2189 2594 2648 2711 praedictas
2723 2594 3214 2683 exercendas
3279 2598 3384 2683 ab
3469 2594 3778 2685 eisdem
3858 2587 4430 2703 Archiepisco·

1053 2717 1235 2828 pis,
1299 2718 1524 2827 juxta
1593 2716 1708 2800 eis
1770 2716 2229 2823 tributam3
2305 2737 2391 2802 et
2473 2713 2864 2828 deinceps
2925 2717 3266 2827 singulis
3347 2713 3939 2835 quinquenniis
3998 2738 4160 2824 pet·⁴
4199 2738 4428 2820 orga-

1054 2863 1261 2936 num
1340 2858 1837 2920 memoratae
1913 2832 2594 2946 Congregationis
2674 2830 3246 2920 Cardinalium
3341 2830 3933 2922 removendam
4014 2829 4430 2914 mediante

1054 2950 1409 3037 formula
1464 2955 1697 3038 tertia
1746 2950 2294 3067 praefatarum
2356 2952 2843 3039 facultatum
2876 3014 2901 3059 ,
2990 2956 3556 3041 auctoritatem
3611 2957 3697 3039 in
3751 2972 4024 3035 totum
4063 3011 4087 3053 ,
4149 2948 4288 3037 vel
4335 2950 4429 3033 in

1055 3064 1371 3187 partem
1407 3133 1439 3175 ,
1499 3073 1714 3157 sicut
1760 3070 2070 3158 eisdem
2124 3070 2782 3186 Archiepiscopis
2841 3077 3097 3182 magis
3180 3073 3682 3158 in'Domino
3762 3064 4145 3183 expedire
4195 3062 4428 3155 vide·

1054 3190 1285 3274 bitur
1322 3251 1345 3294 ,
1410 3192 1864 3304 recipiant,
1895 3214 2213 3279 servata
2264 3222 2588 3305 semper
2636 3189 3120 3277 eorumdem
3171 3191 4006 3306 Archiepiscoporum
4054 3210 4224 3274 tam
4274 3189 4428 3273 cir-

1057 3339 1151 3394 ca
1213 3305 1693 3416 facultates,
1761 3339 2012 3426 quam
2063 3311 2282 3396 circa
2333 3312 2512 3397 loca
2544 3372 2569 3416 ‚
2633 3331 2716 3395 et
2779 3332 3104 3425 tempus
3151 3309 3475 3398 easdem
3540 3305 3974 3397 exercendi
4047 3305 4426 3394 modera-

1055 3429 1281 3527 tione
1318 3490 1342 3534 ,
1410 3429 1644 3514 nullo
1716 3459 1919 3517 vero
1960 3424 2243 3523 'modo
2315 3451 2536 3517 extra
2604 3426 2813 3514 fines
2882 3460 3087 3515 suae
3163 3428 3613 3544 respective
3660 3428 4072 3514 Missiouis
4120 3430 4220 3514 iis
4302 3429 4429 3512 uti

1055 3570 1415 3664 queant,
1454 3546 1560 3634 ad
1611 3579 1860 3666 quam
1913 3545 2181 3636 donec
2216 3612 2240 3656 ,
2306 3571 2390 3635 et
2440 3578 2874 3667 quousque
2920 3553 3445 3663 pervenerint
3494 3551 3722 3638 nulla
3774 3577 4106 3661 prorsus
4139 3570 4426 3634 ‘exem-

802 3740 873 3807 ff
954 3746 971 3763 ,
1051 3671 1337 3779 ptione
1371 3729 1395 3773 ,
1448 3690 1532 3753 et
1591 3669 2022 3782 privilegio
2074 3666 2435 3779 gaudere
2483 3672 2822 3782 possint.

667 3742 1033 3924 23:533
1171 3782 1238 3884 S.
1308 3817 1439 3902 27.
1514 3786 1971 3875 Hortamur
2020 3785 2358 3873 demum
2436 3808 2776 3902 paterne
2839 3787 3145 3892 simul,
3209 3810 3294 3875 et
3374 3785 3820 3876 efficaciter
3879 3781 4213 3873 eosdem
4265 3783 4423 3871 Ar·

665 3927 941 4015 injungit
1055 3900 1674 4023 chiepiscopos‚
1742 3938 1850 3992 ne
1899 3928 2342 4018 graventur
2407 3905 2785 4024 quolibet
2868 3909 3500 4023 quinquenniO,
3567 3938 3867 4022 nempe
3943 3934 4137 3991 cum
4187 3935 4423 3992 reno·

667 4019 1002 4126 certiores:
1051 4026 1225 4109 vari
1282 4026 1441 4111 sibi
1501 4023 1967 4141 praedictae
2028 4022 2431 4113 formulae
2480 4026 2767 4112 tertiae
2828 4021 3317 4112 facultatum
3366 4026 3959 4143 postulabunt,
3996 4021 4221 4128 Nos,
4274 4020 4425 4139 se‘u

665 4109 1029 4268 fledsdeffln,
1053 4142 1520 4230 Romanum
1582 4143 2073 4231 Pontificem
2122 4174 2274 4258 pro
2323 4166 2692 4258 tempore
2773 4147 3251 4231 existentem
3350 4178 3501 4260 per
3560 4176 3961 4257 organum
4045 4143 4426 4256 ejusdem

660 4251 972 4382 giegatio·
1050 4259 1726 4375 Congregationis
1792 4260 1901 4351 de
1946 4260 2276 4371 fructu,
2340 4287 2422 4350 et
2471 4293 2897 4378 progressu
2936 4325 2960 4369 ,
3029 4260 3438 4351 dictarum
3485 4266 3978 4353 Missionum
4040 4267 4424 4352 certiora-

662 4406 806 4449 nem
856 4384 935 4449 de
1048 4412 1138 4466 re
1173 4444 1196 4486 ,
1268 4380 1486 4470 salva
1564 4408 1834 4471 tamen
1913 4413 2232 4498 semper
2278 4385 2365 4469 in
2436 4385 2893 4499 praemissis
2981 4385 3462 4472 auctoritate
3525 4385 4207 4499 congregationis
4287 4386 4423 4473 eo-

661 4496 994 4633 ffigffi'gffw
1047 4499 1431 4588 rumdem
1482 4501 2086 4589 Cardinalium.
3784 4596 3788 4600 ,

664 4680 837 4724 num.
1166 4619 1236 4717 S.
1305 4619 1441 4705 28.
1504 4620 2068 4715 Decernentes
2115 4618 2446 4709 easdem
2491 4642 2958 4739 praesentes
3008 4620 3280 4710 literas
3328 4620 4027 4737 semper'firmas,
4080 4620 4417 4733 validas,

726 4749 1021 4815 Prae-en·
1046 4758 1132 4821 et
1180 4734 1557 4825 efficaces
1640 4745 1978 4828 existere
2006 4803 2032 4849 ,
2109 4762 2195 4828 et
2260 4740 2438 4829 fore
2465 4806 2491 4851 ‚
2555 4772 2910 4858 suosque
2961 4743 3369 4854 plenarios
3405 4804 3430 4849 ,
3473 4748 3581 4828 'et
3640 4745 4002 4855 integros
4048 4739 4417 4831 'effectus

662 4839 825 4911 ‘¹¹³³‘
883 4839 1026 4995 ¹³3⁶]
1047 4858 1316 4944 sortiri
1352 4921 1376 4965 ,
1443 4880 1526 4945 et
1572 4860 1949 4947 obtinere
1984 4922 2009 4967 ,
2074 4890 2169 4946 ac
2240 4861 2403 4953 illis
2438 4924 2463 4969 ,
2515 4857 2620 4946 ad
2743 4891 2891 4946 uos
2939 4884 3305 4976 spectat,
3357 4883 3441 4948 et
3520 4891 3672 4977 pro
3720 4886 4091 4979 tempore
4154 4894 4418 4983 quan·

665 4953 884 5089 Ξῖζὸω
966 4954 995 4995 ⁸
1046 4973 1524 5097 donumque
1571 4980 1975 5093 spectabit
2035 4978 2508 5094 plenissime
2557 4890 3041 5091 suffragari,
3103 5004 3189 5073 et
3235 4982 3341 5068 ab
3404 4982 3517 5067 eis
3571 4985 4019 5097 respective
4069 4984 4418 5071 inviola-

1043 5095 1325 5185 biliter
1374 5098 1846 5211 observari3
1905 5102 2191 5218 sicque
2243 5102 2329 5185 in
2401 5099 2860 5215 praemissis
2941 5130 3090 5213 per
3149 5108 3719 5220 quoscumque
3766 5100 4108 5190 Judices
4159 5099 4415 5190 Ordi-

1045 5220 1318 5302 narios
1351 5279 1376 5323 ,
1440 5241 1526 5305 et
1573 5216 1986 5330 delegatos
2022 5281 2047 5326 ,
2115 5220 2361 5307 etiam
2413 5249 2844 5305 causarum
2893 5212 3182 5307 Palatii
3242 5221 3695 5336 Apostolici
3757 5220 4207 5310 Auditores
4235 5287 4260 5330 ,
4312 5214 4410 5312 ao

1048 5336 1129 5421 S.
1186 5335 1280 5420 R.
1335 5338 1438 5423 Ε.
1493 5335 2025 5444 Cardinales,
2104 5341 2349 5425 etiam
2402 5337 2509 5425 de
2557 5339 2811 5425 latere
2877 5338 3231 5451 Legatos
3267 5402 3293 5447 ,
3362 5341 3682 5427 sublata
3748 5342 3865 5427 eis
3900 5405 3926 5450 ‚
3991 5365 4077 5429 et
4121 5372 4411 5429 eorum

1047 5456 1395 5544 cuilibet
1506 5461 1729 5546 uavis
1779 5459 2013 5544 aliter
2046 5455 2500 5570 ‘judicandi
2540 5518 2566 5564 ,
2632 5479 2717 5544 et
2764 5457 3362 5573 interpretandi
3425 5457 3870 5566 facultate,
3928 5484 4013 5549 et
4061 5458 4408 5572 auctori-⁴

1047 5599 1271 5687 tate,
1357 5489 1706 5693 judicari
1744 5639 1770 5690 ,
1834 5599 1921 5674 et
1969 5572 2298 5667 definiri
2345 5575 2649 5667 debere
2678 5638 2705 5685 ,
2770 5609 2865 5667 ac
2916 5581 3235 5667 irritum'
3265 5641 3290 5689 ‚
3345 5603 3428 5670 et
3475 5581 3835 5670 inane·si
3884 5612 4117 5672 secus
4165 5594 4408 5699 supe’r
