4834 6409
1039 421 1158 511 38

1037 541 1421 647 haeresi,
1470 567 1566 626 ac
1626 535 2027 625 haeresim
2088 538 2348 654 ipsam
2411 538 2815 655 sapientes
2849 601 2875 647 ,
2945 563 3101 626 nec
3149 567 3322 627 non
3370 529 3855 644 haereticis,
3917 531 4003 625 et
4043 531 4399 626 haeresi-

1038 663 1201 751 bus
1232 726 1265 767 ,
1315 692 1411 748 ac
1471 662 1717 748 etiam
1767 658 2181 746 schismati
2233 656 2603 750 faventes
2639 723 2664 767 ,
2732 687 3164 768 erroneas,
3218 660 3531 747 haeresi
3581 661 3984 774 proximas
4018 740 4039 776 ι
4084 658 4397 776 pluries

1040 782 1466 871 damnatas
1503 845 1528 889 ,
1597 807 1691 868 ac
1740 777 2082 867 demum
2133 782 2380 867 etiam
2432 779 2881 869 haereticas
2927 845 2952 889 ,
3017 784 3452 900 variasque
3503 779 3876 868 haereses
3906 841 3933 886 ,
4002 799 4088 865 et
4153 779 4403 893 potis·-

1040 908 1346 992 simum
1396 903 1576 988 illas
1615 964 1640 1008 ,
1693 931 1908 1019 quae
1975 903 2064 985 in
2123 898 2456 988 famosis
2528 902 2891 989 Jansenii
2959 901 3660 1019 propositionibus
3696 937 3748 1008 ,·
3790 921 3874 987 et
3922 895 4266 1018 quidem
4319 900 4411 982 in

1039 1056 1140 1113 eo
1189 1055 1435 1110 sensu
1469 1088 1500 1127 ,
1565 1025 1653 1107 in
1705 1051 1874 1141 quo
1925 1019 2081 1108 hae
2160 1018 2597 1110 damnatae
2645 1020 3031 1128 fuerunt,
3102 1025 3454 1138 acceptis
3488 1086 3518 1126 ,
3593 1023 4128 1108 continentur
4158 1079 4189 1122 ,
4239 1045 4413 1103 ma-

1035 1141 1333 1232 nifeste
1383 1148 1872 1229 innovantes
1908 1144 2358 1256 respective
2394 1205 2419 1249 ,
2474 1142 2629 1229 hac
2685 1167 2952 1230 nostra
3003 1167 3405 1259 perpetuo
3455 1143 3807 1231 valitura
3858 1138 4412 1225 Constitutio-

1035 1295 1145 1353 ne
1189 1263 1702 1352 declaramus
1729 1328 1761 1366 ,
1810 1260 2299 1348 damnamus
2328 1326 2352 1368 ,
2393 1285 2477 1350 et
2528 1265 3086 1378 reprobamus.
3138 1261 3634 1351 Mandantes
3681 1261 4069 1347 omnibus
4099 1259 4407 1344 utrius-

1038 1417 1204 1504 que
1268 1415 1506 1472 sexus
1557 1381 1902 1494 Christi,
1939 1379 2333 1469 fidelibus
2367 1446 2398 1487 ,
2464 1415 2572 1469 ne
2621 1381 2728 1470 de
2792 1382 3031 1472 dictis
3097 1382 3799 1501 propositionibus
3848 1383 4207 1484 sentire,
4260 1374 4412 1462 do-

1036 1534 1284 1609 cere,
1351 1536 1446 1590 ac
1508 1497 1986 1617 praedicare
2062 1502 2301 1590 aliter
2356 1527 2959 1617 praesumant,
3030 1535 3283 1623 quam
3349 1507 3436 1589 in
3506 1499 4016 1590 haceadem
4097 1498 4402 1584 Nostra

1038 1624 1656 1711 Constitutione
1701 1623 2228 1735 continetur3
2294 1626 2407 1708 ita
2458 1645 2555 1710 ut
2604 1626 3114 1744 quicumque
3161 1627 3390 1731 illas,
3439 1623 3577 1710 vel
3647 1624 3975 1708 illarum
4029 1617 4397 1736 aliquam

1040 1747 1552 1860 conjunctim
1587 1808 1612 1852 ,
1691 1744 1828 1832 vel
1880 1740 2211 1832 divisim
2297 1741 2725 1851 docuerit,
2790 1742 3315 1850 defenderit,
3385 1735 3802 1846 ediderit,
3869 1761 4013 1825 aut
4059 1737 4167 1824 de
4216 1739 4331 1824 eis
4367 1798 4393 1842 ,

1038 1866 1288 1951 etiam
1356 1863 1915 1980 disputative,
1994 1863 2387 1978 publice,
2456 1887 2597 1950 aut
2657 1867 3043 1980 privatim
3117 1867 3643 1969 tractaverit,
3713 1863 3869 1948 nisi
3921 1858 4193 1950 forsan
4246 1859 4400 1943 im-

1039 1983 1492 2098 pugnando
1525 2049 1549 2091 ,
1598 1985 2196 2072 Ecclesiasticis
2251 1987 2617 2071 censuris
2654 2048 2677 2092 ,
2751 1986 3097 2104 aliisque
3160 2008 3443 2072 contra
3494 1984 3788 2068 similia
3843 1998 4409 2095 perpetrantes

1043 2136 1090 2190 a
1150 2109 1337 2221 jure
1384 2107 1704 2192 statutis
1757 2106 2042 2219 poenis
2081 2106 2256 2218 ipso
2307 2102 2524 2191 facto
2574 2106 2887 2225 absque
2935 2109 3093 2196 alia
3146 2104 3699 2192 declaratione
3748 2103 4194 2216 subjaceat.
4250 2097 4414 2184 Ce-

670 2217 1018 2288 ‘Judicium
1046 2246 1318 2312 terum
1364 2258 1514 2343 per
1562 2255 2020 2341 expressam
2077 2222 2632 2338 praefatarum
2682 2229 3335 2342 propositionum
3397 2223 4061 2337 reprobationem
4113 2221 4266 2305 alia
4315 2219 4406 2301 in

656 2313 970 2470 dfur‘ffssffi‘
1047 2343 1343 2433 eodem
1407 2346 1621 2431 libro
1686 2367 2074 2431 contenta
2158 2335 2637 2433 nullatenus
2707 2346 3160 2461 approbare
3236 2342 3817 2453 intendimus,
3906 2372 4099 2427 cum
4181 2366 4412 2451 prae-

651 2429 797 2561 Em,
870 2468 1325 2584 pro-sertim
1384 2469 1469 2552 in
1536 2463 1896 2553 decursu
1979 2468 2375 2552 examinis
2460 2468 2926 2583 complures
3000 2467 3195 2551 alias
3275 2468 3358 2551 in
3443 2494 3543 2551 eo
3626 2456 4418 2577 deprehenderimus

653 2586 995 2743 positioni-
1042 2589 1640 2699 propositiones
1697 2587 1909 2692 illis,
1994 2617 2260 2705 quae,
2334 2609 2433 2673 ut
2494 2619 2736 2701 supra
2779 2649 2804 2693 ,
2875 2584 3312 2671 damnatae
3386 2582 3730 2670 fuerunt
3764 2645 3788 2687 ,
3876 2579 4338 2666 consimiles
4373 2638 4399 2682 ,

707 2701 800 2745 ¹¹⁸·
1042 2725 1125 2789 et
1173 2702 1461 2791 affines
1496 2767 1521 2811 ,
1582 2705 2043 2824 iisdemque
2093 2708 2510 2792 erroribus
2546 2707 2958 2793 imbutas:
3021 2736 3176 2791 nec
3227 2736 3423 2790 sane
3471 2734 3771 2818 paucas
3820 2701 3976 2787 sub
4025 2700 4415 2810 imagina-

1038 2824 1164 2908 rio
1234 2823 1595 2943 quodam
1630 2887 1663 2931 ,
1710 2826 1975 2916 veluti
2029 2829 2462 2911 crassantis
2511 2824 2758 2912 hodie
2817 2827 3410 2939 persecutionis
3447 2824 3796 2908 obtentu
3831 2885 3860 2926 ,
3915 2817 4405 2906 inobedien-

1039 2944 1240 3027 tiam
1278 3006 1303 3050 ,
1359 2966 1441 3030 et
1490 2946 2033 3058 pervicaciam
2097 2946 2559 3031 nutrientes
2596 3007 2620 3050 ,
2672 2975 2973 3062 easque
3022 2940 3226 3030 falso
3278 2942 3764 3031 christianae
3802 2942 4211 3056 patentiae
4263 2967 4411 3024 no·

1039 3064 1267 3148 mine
1315 3059 1944 3176 praedicantes,
2019 3089 2223 3180 quas
2292 3086 2721 3178 propterea
2782 3065 3255 3177 singulatim
3305 3091 3729 3150 recensere
3790 3083 3872 3148 et
3924 3062 4167 3145 nimis
4230 3058 4412 3142 lon·

1040 3210 1241 3292 gum
1291 3211 1465 3268 esse
1517 3179 1902 3268 duximus
1938 3244 1963 3288 ,
2033 3204 2119 3268 et
2163 3185 2513 3284 minime
2575 3188 3123 3271 necessarium
3165 3219 3183 3266 ε
3240 3215 3336 3271 ac
3385 3181 3726 3270 demum
3766 3243 3788 3288 ,
3844 3177 4073 3297 quod
4124 3178 4415 3265 intole-

1038 3300 1380 3387 rabilius
1430 3324 1605 3410 est,
1660 3331 1983 3389 sacrum
2031 3303 2311 3417 ipsum
2363 3304 2556 3392 novi
2607 3306 3117 3393 Testamenti
3181 3326 3498 3391 textum
3550 3301 4131 3388 damnabiliter
4179 3299 4413 3386 vitia·

1038 3441 1225 3506 tum
1311 3426 1914 3538 comperimus,
2001 3446 2087 3508 et
2148 3423 2383 3510 alteri
2435 3422 2758 3510 dudum
2846 3425 3325 3542 reprobatae
3372 3424 3730 3513 versioni
3781 3421 4119 3533 gallicae
4169 3418 4409 3503 Mon·

1038 3544 1252 3626 tensi
1301 3545 1389 3627 in
1457 3545 1742 3630 multis
1794 3539 2352 3629 conformem:
2425 3577 2470 3631 a
2528 3546 2859 3657 vulgata
2905 3576 3107 3636 vero
3156 3543 3577 3651 editione,
3642 3571 3855 3660 quae
3917 3563 4042 3625 tot
4130 3541 4410 3625 saecu-

1036 3658 1312 3745 lorum
1367 3693 1526 3748 usu
1577 3667 1663 3749 in
1714 3664 2091 3751 Ecclesia
2143 3665 2488 3778 probata
2538 3689 2714 3773 est,
2779 3687 3029 3785 atque
3098 3667 3205 3753 ab
3255 3660 3762 3750 Orthodoxis
3810 3659 4200 3747 omnibus
4260 3689 4413 3773 pro

1037 3779 1515 3869 authentica
1564 3781 1854 3871 haberi
1922 3777 2177 3871 debet
2211 3846 2236 3890 ,
2303 3779 2873 3903 multipliciter
2922 3784 3525 3900 discrepantem
3554 3847 3582 3889 ‚
3659 3805 3745 3870 et
3829 3781 4346 3867 aberrantem
4384 3842 4410 3887 ,

1036 3899 1516 4022 pluriesque
1565 3906 1653 3990 in
1720 3906 2031 3993 alienos
2066 3967 2092 4012 ,
2157 3908 2555 4014 exoticos,
2630 3937 2726 3993 ac
2773 3937 3014 4023 saepe
3061 3909 3346 3992 noxios
3393 3935 3677 3991 sensus
3713 3966 3738 4010 ,
3789 3932 3961 3988 non
4011 3902 4189 3987 sine
4237 3930 4409 3986 ma-

657 4033 835 4141 pra
871 4021 1253 4121 pro-xima
1302 4026 1834 4137 perversitate
1899 4023 2344 4111 detortum.
2409 4023 2838 4113 Eumdem
2920 4049 3354 4143 propterea
3434 4024 3745 4110 librum
3778 4087 3807 4128 ,
3870 4043 4163 4140 utpote
4225 4050 4396 4134 ,per

651 4125 934 4283 {immod
956 4136 1327 4230 etdulces
1377 4175 1791 4232 sermones
1821 4209 1844 4253 ,
1933 4169 2017 4233 et
2062 4144 2691 4234 benedictiones
2726 4211 2756 4251 ,
2834 4168 2928 4232 ut
2978 4147 3425 4261 Apostolus
3490 4146 3864 4264 loquitur
3910 4206 3935 4250 ,
4005 4143 4164 4228 hoc
4213 4164 4337 4226 est
4372 4203 4398 4247 ,

657 4236 975 4399 Ρίἓιῇῗωῗ
1040 4262 1202 4346 sub
1252 4263 1452 4351 falsa
1513 4268 1698 4379 piae
1747 4267 2284 4353 institutionis
2360 4269 2714 4378 imagine
2750 4329 2775 4373 ,
2842 4264 3335 4353 seducendis
3383 4267 3957 4352 innocentium
4010 4259 4404 4348 cordibus

653 4397 1019 4477 libri,alio-
1044 4380 1289 4494 longe
1355 4384 2136 4490 accommodatum,
2214 4391 2388 4475 sive
2448 4389 2966 4502 praemissis,
3018 4389 3190 4477 sive
3253 4388 3415 4473 alio
3464 4388 3757 4504 quovis
3826 4383 4070 4469 titulo
4120 4383 4408 4504 inscri7

658 4510 953 4578 rumque.
1043 4522 1278 4616 ptum
1313 4565 1338 4609 ,
1406 4505 1972 4626 ubicumque,
2041 4529 2126 4594 et
2175 4536 2713 4628 quocumque
2762 4507 2920 4594 alio
2971 4504 3419 4613 idiomate,
3470 4537 3615 4593 seu
3666 4505 3957 4622 quavis
4020 4500 4410 4608 editione,

1045 4642 1190 4705 aut
1248 4626 1627 4712 versione
1677 4625 2076 4714 hactenus
2126 4629 2617 4742 impressum
2652 4690 2677 4734 ,
2758 4648 2903 4714 aut
2978 4628 3067 4712 in
3114 4649 3539 4742 posterum
3584 4620 3906 4745 (quodv
3937 4620 4216 4739 absit)
4266 4624 4416 4707 im-

1042 4740 1633 4853 primendum,
1701 4749 2187 4833 auctoritate
2237 4749 2713 4862 Apostolica
2781 4771 3067 4834 tenore
3128 4746 3689 4861 praesentium
3771 4745 4074 4829 iterum
4124 4741 4399 4856 prohi-

1042 4859 1341 4947 bemus
1381 4925 1404 4969 ,
1476 4895 1571 4951 ac
1616 4868 1996 4956 similiter
2047 4865 2575 4954 damnamus:
2648 4863 3358 4986 quemadmodum
3409 4865 3653 4953 etiam
3703 4863 3907 4950 alios
3950 4892 4278 4968 omnes,
4333 4883 4416 4948 et

1043 4980 1410 5092 singulos
1485 4987 1571 5070 in
1626 4992 1804 5101 ejus
1853 4981 2419 5076 defensionem
2474 5012 2640 5075 tam
2691 4989 3045 5101 scripto,
3098 5018 3350 5110 quam
3401 4989 3618 5101 typis
3664 4982 3988 5090 editos,
4055 5013 4203 5070 seu
4251 4980 4416 5069 for-

1047 5129 1190 5186 san
1240 5102 1280 5222 (
1308 5102 1539 5221 quod
1587 5104 1820 5194 Deus
1874 5105 2248 5224 avertat)
2296 5105 2663 5195 edendos
2730 5107 2982 5194 libros
3019 5170 3045 5215 ,
3109 5138 3256 5195 seu
3331 5108 3707 5211 libellos,
3775 5129 4234 5220 eorumque
4300 5104 4414 5190 le-

1046 5223 1410 5310 ctionem
1447 5289 1471 5329 ,
1553 5221 2191 5341 descriptionem
2228 5290 2251 5334 ,
2324 5231 2935 5336 retentionem,
2998 5250 3084 5316 et
3158 5257 3405 5315 usum
3455 5228 3844 5315 omnibus
3926 5247 4009 5310 et
4076 5224 4414 5337 singulis

658 5426 711 5489 P
957 5426 973 5442 ,
1048 5337 1359 5429 Christi
1423 5344 1816 5433 fidelibus
1865 5348 2022 5432 sub
2071 5377 2337 5462 poena
2388 5350 3258 5437 excommunicationis
3304 5381 3452 5465 per
3502 5341 4186 5436 contrafacientes
4236 5346 4418 5458 ipso

712 5447 909 5491 σωκ
954 5447 1024 5490 ¹¹¹
1046 5456 1267 5547 facto
1316 5463 1813 5554 incurrenda
1844 5530 1869 5574 ,
1908 5466 2444 5583 prohibemus
2492 5470 2841 5583 pariter,
2892 5494 2976 5558 et
3025 5468 3623 5559 interdicimus.
3681 5467 4241 5579 Praecipimus
4289 5465 4418 5547 in·

662 5515 981 5675 ἓῗέ;ζ;.ὼ
1048 5586 1973 5707 ευΡετῖθηετειὴίῑὼυε
2026 5589 2456 5678 Fratribus
2506 5589 2998 5681 Patriarchis
3028 5655 3052 5702 ,
3094 5587 3794 5704 Archiepiscopis,
3849 5607 3932 5674 et
3956 5584 4422 5702 Episcopis,
