4834 6409
3643 451 3756 534 26

422 598 614 657 nem
698 592 1105 669 summae,
1158 593 1402 679 supra
1481 593 1634 679 pro
1685 562 1757 647 F
1762 552 2215 652 undatione
2266 562 2687 670 definitae,
2745 564 2867 649 Fl.
2922 563 3240 651 3oooo.
3310 561 3607 651 factam
3656 479 3858 683 prc71·

429 689 776 778 faciliori
876 689 1220 772 Patrum
1295 685 2061 771 Missienariorum-
2113 686 2712 774 sustentatione
2797 691 3301 800 emptionem
3384 687 3851 803 cujusdam·

423 810 741 928 praedii
795 812 878 894 in
934 804 1456 895 Praefectura
1509 829 1781 891 nostra
1813 803 2204 919 Goldegg*
2242 812 2401 914 siti,
2442 808 2696 919 vulgo
2747 806 2890 893 das
2937 807 3554 895 Uht·fahrlehen
3610 834 3848 895 nun-·

429 954 829 1046 cupatum
909 960 1103 1014 curn
1189 926 1386 1012 huic
1456 931 1986 1042 incorporato
2049 928 2389 1041 praedio
2476 927 2941 1017 Lebenfeld
2981 928 3277 1036 diem,
3343 952 3425 1016 et
3488 929 3824 1017 alterius

425 1054 876 1167 praemisso
949 1048 1403 1165 adjacentis
1450 1044 1692 1134 fundi
1748 1048 2127 1136 Fleidten
2182 1054 2688 1161 agnominati
2755 1052 2914 1136 sub
2964 1048 3486 1138 Praefectura
3540 1070 3817 1139 nostra

434 1175 515 1257 S.
548 1172 889 1258 Joannis
937 1170 1360 1257 existentis
1396 1232 1421 1277 ‚
1489 1200 1871 1288 quaeque
1946 1171 2277 1286 praedia
2319 1234 2342 1278 ,
2433 1195 2519 1259 et
2565 1174 2631 1257 si
2681 1172 2886 1261 haec
2936 1171 3625 1305 juris·directorii
3678 1202 3811 1257 ca·-

424 1325 701 1381 merae
765 1314 1088 1378 nostrae
1134 1318 1365 1394 esse,
1415 1291 1974 1409 omnibusque
2024 1297 2372 1404 angariis
2403 1357 2427 1400 ‚
2484 1315 2568 1379 et
2616 1295 3167 1409 perangariis,
3205 1297 3550 1399 steuris,
3618 1320 3847 1378 cous·-

427 1413 1028 1498 tributionibus
1059 1476 1083 1517 ,
1139 1410 1488 1531 aliisque
1537 1413 1932 1498 oneribus
1981 1414 2703 1525 communalibus,
2769 1419 2986 1501 sicut
3044 1416 3203 1500 alia
3255 1415 3532 1500 omnia
3586 1444 3819 1529 prae·

422 1532 556 1620 dia
610 1536 908 1621 rustica
961 1533 1371 1619 hactenus
1410 1533 1784 1648 subjecta
1860 1531 2170 1642 fuisse,
2239 1534 2830 1647 dignoscantur
2867 1599 2890 1643 ‚
2958 1533 3463 1648 ex‘speciali
3534 1558 3816 1623 tamen

422 1677 698 1740 nostra
751 1656 1183 1740 clementia
1222 1713 1247 1757 ‚
1306 1677 1390 1738 et
1439 1683 1592 1767 pro
1649 1656 2095 1765 singulari,
2147 1688 2319 1774 quo
2368 1661 2451 1742 in
2511 1658 2590 1742 S.
2657 1654 3092 1744 Benedicti
3143 1652 3809 1775 Ordinem-feri·
3911 1754 3916 1759 ,

420 1806 669 1880 mur,
740 1804 1018 1895 amore
1055 1838 1079 1881 ‚
1135 1795 1217 1859 et
1265 1771 1572 1861 affectu
1607 1837 1636 1877 ,
1688 1776 2136 1864 accedente
2186 1778 2680 1865 venerabilis
2734 1780 2983 1864 nostri
3039 1775 3404 1893 Capituli
3474 1807 3811 1865 assensu

425 1897 532 1982 ab
582 1899 812 1981 omni
869 1894 1244 1980 dominio
1297 1893 1612 1982 directo
1644 1958 1667 2001 ‚
1723 1888 2068 2013 aliisque
2118 1899 2794 2019 quibuscumque
2845 1898 3237 1985 oneribus
3287 1960 3312 2002 ,
3391 1901 3747 2008 angariis
3784 1960 3817 2005 ,

429 2020 927 2130 perangariis
966 2009 1015 2121 ,’
1045 2012 1742 2103 decimationibus
1772 2080 1797 2124 ,
1865 2022 2158 2104 steuris
2184 2084 2215 2123 ‚
2267 2023 3034 2106 contributiouibus
3085 2020 3752 2106 communalibus
3788 2082 3813 2126 ‚

424 2136 1141 2242 Provincialibu5‚
1199 2139 1328 2224 vel
1380 2137 1874 2222 militaribus
1922 2143 2343 2254 perpetuis
2395 2138 2697 2227 futuris
2735 2142 3245 2257 temporibus
3280 2203 3310 2243 ,
3363 2171 3457 2226 ac
3508 2138 3808 2247 donee,

424 2280 508 2342 et
558 2287 995 2377 usquequo
1045 2256 1267 2372 apud
1320 2260 1576 2372 ipsam
1629 2257 2042 2344 Missionis
2094 2259 2687 2349 Benedictinae
2739 2261 3081 2347 domum
3134 2260 3748 2376 permanebunt
3783 2324 3810 2367 ,

424 2375 701 2495 deque
753 2377 1003 2491 hujus
1053 2401 1303 2463 erunt
1349 2376 1721 2463 dominio
1751 2406 1799 2483 ‚·
1841 2401 1925 2466 et
1978 2412 2140 2468 non
2200 2383 2437 2468 aliter
2489 2408 2643 2470 etc.
2700 2384 2959 2469 libera
2997 2446 3020 2490 ,
3076 2404 3162 2469 et
3210 2383 3615 2467 immunia
3660 2414 3816 2499 vpe-

428 2502 651 2582 nitus
703 2496 1213 2587 declaramus
1251 2562 1274 2605 ‚
1331 2521 1415 2584 et
1465 2522 1560 2584 ut
1611 2499 1921 2607 libera,
1993 2524 2079 2586 et
2126 2500 2539 2589 allodialia
2594 2504 2881 2591 haberi
2934 2506 3377 2608 volumus,
3430 2525 3512 2587 et
3574 2534 3809 2588 man-

427 2614 773 2730 damus,
844 2651 938 2707 ea
985 2644 1559 2707 verumtamen
1619 2619 1796 2729 lege
1848 2683 1872 2726 ,
1944 2643 2028 2707 et
2077 2620 2600 2730 conditione,
2683 2649 2792 2711 ut·
2826 2656 2874 2711 e
2931 2619 3212 2710 contra
3268 2647 3431 2708 tam
3485 2621 3820 2737 praedia

421 2740 591 2852 ipsa
631 2803 653 2846 ,
723 2772 975 2861 quam
1027 2738 1578 2826 conductores
1626 2768 1911 2825 eorum
1952 2805 1977 2847 ,
2033 2742 2306 2828 coloni
2349 2806 2371 2849 ,
2427 2744 2870 2862 inquilini,
2925 2746 3422 2831 laboratores
3448 2806 3479 2847 ,
3539 2738 3812 2829 famu-

418 2859 530 2963 li,
598 2885 680 2945 et
743 2869 1324 2979 quaecumque
1410 2860 1614 2945 aliae
1679 2891 2072 2972 personae
2154 2866 2613 2950 saeculares
2678 2866 2908 2951 nulla
2989 2869 3318 2980 penitus
3393 2887 3727 2980 excepta
3777 2930 3804 2973 ,

421 3008 637 3093 quae
689 2982 771 3063 in
838 2978 1215 3064 futurum
1308 2979 1864 3087 habitabunt,
1930 2984 2062 3069 vel
2116 2986 2686 3097 operabuntur
2748 2990 2830 3071 in
2896 2983 3250 3102 praediis
3314 3016 3824 3099 praememo-
3907 3040 3916 3049 ·

424 3101 670 3204 ratis,
737 3097 1025 3216 quoad·
1063 3098 1739 3186 Jurisdictionem
1792 3135 2123 3189 omnem
2180 3127 2356 3191 tum
2420 3108 2927 3195 criminalem
2966 3172 2991 3214 ,
3052 3138 3240 3195 cum
3306 3129 3390 3192 et
3441 3109 3804 3216 civilem,

422 3219 650 3303 nulla
720 3224 1108 3333 penitus,
1177 3224 1673 3338 penitusque
1755 3220 2086 3339 dempta
2126 3244 2155 3332 ‚'
2220 3226 2481 3312 libere
2556 3227 3105 3343 jurisdictioni
3200 3224 3818 3326 praefectorum

420 3363 890 3425 nostrorum
995 3366 1089 3428 ut
1184 3345 1266 3426 in
1323 3356 1556 3427 a‘ntea
1608 3344 2143 3459 subjaceant,
2210 3346 2611 3471 quodque
2660 3352 2907 3438 otiam
2961 3349 3064 3434 ad
3118 3347 3620 3445 famulitium
3676 3351 3822 3436 lai-

408 3490 610 3561 ·cum
682 3462 1223 3576 ipsorummet
1303 3462 2066 3573 Missionariorum,
2135 3500 2277 3552 seu
2331 3467 2627 3556 domus
2692 3470 3102 3556 Missionis
3156 3470 3502 3557 claustra
3569 3464 3822 3559 fuerit

420 3583 873 3689 inventus,
939 3583 1047 3668 ab
1098 3586 1311 3669 intra
1376 3613 1573 3669 vero
1654 3589 1823 3692 sic,
1891 3610 1986 3671 ut
2068 3585 2280 3675 facta
2340 3592 2423 3672 in
2514 3591 2897 3678 civilibus
2936 3655 2959 3697 ,
3031 3592 3156 3677 vel
3246 3592 3817 3679 criminalibus

423 3705 690 3787 causis
766 3734 1121 3817 poenam
1198 3707 1616 3815 sanguinis
1681 3738 1845 3793 nou
1928 3705 2528 3817 inferentibus,
2593 3711 2910 3801 urbana
2976 3709 3200 3825 apud
3283 3713 3814 3825 Superiorem

417 3822 832 3909 Missionis
893 3822 1188 3913 domus
1253 3828 1798 3943 requisitione
1848 3825 1985 3916 hic
2051 3833 2726 3942 comparitionem
2781 3835 3300 3948 personalem
3356 3863 3632 3917 coram
3686 3839 3821 3949 ju·
3867 3830 3882 3849 f

420 3940 608 4030 dice
670 3945 1120 4052 saeculari,
1188 3946 1414 4032 laicis
1462 3949 1619 4033 sibi
1670 3947 1954 4034 domui
2028 3954 2442 4039 Missionis
2476 4015 2506 4055 ,
2572 3954 2706 4039 vel
2755 3951 3822 4040 Missionariis'famulanti-

418 4060 579 4157 bus
629 4059 1152 4150 demandare.
1220 4068 1307 4151 Si
1368 4099 1568 4154 vero
1656 4073 1951 4190 aliquis
2035 4104 2130 4155 ex
2210 4075 2381 4158 istis
2468 4079 2679 4160 intra
2744 4072 3012 4163 dictae
3090 4074 3385 4160 domus
3465 4074 3818 4167 claustra

421 4204 939 4287 moreretur,
987 4185 1639 4296 obsignationem
1675 4254 1697 4295 ,
1751 4213 1837 4276 et
1885 4196 2441 4285 inventarium
2495 4197 2771 4280 curiae
2820 4197 3213 4281 saeculari
3267 4196 3446 4279 sine
3498 4220 3823 4283 contra·-
3871 4187 3884 4195 ⁴

420 4298 787 4387 dictione
838 4303 1111 4421 aliqua
1150 4368 1173 4412 ,
1242 4308 1746 4398 cumulative
1798 4344 1989 4399 cum
2042 4317 2219 4428 ipso
2271 4312 2568 4405 doinus
2657 4317 3098 4432 Superiore
3146 4318 3625 4432 permittere
3710 4320 3813 4403 sit

423 4421 905 4509 obstrictus.
1364 4462 1373 4469 ⁴
2841 4496 2848 4503 .
2961 4527 2966 4533 q

541 4542 1137 4633 Decimosexto.
1215 4543 1470 4655 Quod
1555 4552 1619 4634 si
1705 4545 2063 4640 finaliter
2136 4557 2610 4669 saeperelati
2662 4558 3199 4646 Venerabiles
3261 4556 3820 4647 consaederati

416 4663 788 4753 Abbates
816 4732 844 4772 ,
909 4699 1197 4755 eorum
1250 4660 1487 4753 Oido
1535 4670 1947 4759 Missionis
2003 4672 2357 4781 domus,
2428 4682 2555 4765 vel
2611 4702 2691 4766 et
2742 4681 3235 4766 Missionarii
3301 4685 3513 4795 ipsi,
3569 4680 3821 4795 hujus

419 4784 1003 4906 Universitatis
1087 4813 1412 4875 nostrae
1474 4790 1860 4880 Praeside
1897 4858 1920 4901 ,
1987 4821 2070 4882 et
2120 4798 2714 4887 Assistentibus
2764 4804 3213 4888 scientibus
3251 4866 3273 4907 ‚
3351 4826 3434 4887 et
3498 4802 3815 4919 absque

284 4962 291 4967 -
420 4931 650 5005 mora
702 4938 870 4994 nou
942 4908 1534 4997 obsistentibus
1599 4919 2020 5029 perpetuis
2114 4915 2417 5004 futuris
2474 4924 2979 5037 temporibus
3046 4921 3435 5011 adversus
3499 4921 3824 5036 praedi·-

421 5043 590 5109 ctas
642 5025 914 5137 leges,
981 5029 1504 5121 ‘conditiones
1539 5096 1564 5139 ‚
1645 5058 1728 5122 et
1777 5059 2009 5147 pacta
2074 5037 2533 5158 quidquam
2590 5047 2761 5130 sive
2812 5077 2957 5159 per
3019 5076 3155 5152 se,
3221 5045 3357 5132 vel
3409 5076 3554 5159 per
3617 5043 3818 5133 alios

411 5173 562 5258 per
613 5174 1052 5234 recursum
1091 5212 1114 5255 ,
1182 5180 1332 5264 per
1393 5149 2089 5269 dispensationem
2128 5223 2151 5266 ‚
2220 5190 2370 5271 per
2419 5166 2860 5277 privilegia·
2898 5168 3097 5253 latas
3133 5228 3158 5274 ,
3220 5166 3352 5253 vel
3432 5161 3816 5252 ferendas

415 5265 502 5349 iu
560 5270 1063 5357 contrarium
1129 5276 1592 5359 sanctiones
1631 5340 1653 5381 ,
1695 5308 1838 5362 seu
1877 5300 1961 5362 et
2011 5278 2349 5367 demum
2403 5314 2549 5396 per
2600 5286 2837 5372 aliam
2895 5317 3514 5407 quamcumque
3563 5287 3812 5395 viam,

417 5414 631 5503 quae
684 5410 957 5502 posset
1007 5392 1506 5502 excogitari,
1596 5392 1703 5480 de
1766 5396 1984 5483 sacto
2022 5464 2044 5507 ,
2110 5400 2242 5488 vel
2342 5403 2450 5490 de
2501 5411 2683 5518 jure
2767 5431 3228 5517 attentare,
3295 5408 3819 5496 salubremve

416 5503 636 5595 lianc
687 5511 1237 5599 intentionem
1293 5537 1656 5602 nostram
1735 5520 2196 5630 invertere,
2265 5524 2745 5614 modificare
2789 5593 2813 5634 ‚
2886 5531 3018 5617 vel
3071 5533 3304 5619 aliter
3357 5530 3554 5615 huic
3618 5561 3827 5647 quo·

417 5652 587 5750 quo
638 5626 978 5723 demum
1031 5630 1287 5727 modo
1348 5635 1747 5753 derogare
1826 5652 2522 5765 praesumpserint
2556 5714 2586 5757 ,
2658 5673 2802 5734 aut
2876 5682 3072 5740 vero
3124 5656 3210 5743 in
3263 5650 3821 5775 adimplendis

2665 5770 2899 5865 tal-2
