4834 6409
3166 598 3176 605 .
3578 525 3673 608 31

362 641 465 731 da
517 657 668 729 'est
724 639 1064 727 Noviti'o
1101 639 1542 753 'promotio
1604 634 1731 723 ad·
1797 635 2065 723 ullum
2149 630 2562 722 Ordinem
2644 618 3319 727 Ecclesiasticum
3368 705 3392 747 ,
3480 554 3756 762 nequi

361 763 673 851 Abbati
729 763 974 847 liceat
1022 756 1383 846 eundem
1438 756 1540 845 ad
1596 758 1924 846 Sacram
1992 753 2635 845 Ordinationem
2688 756 3009 847 offerre.
3104 760 3279 871 Qui
3364 762 3751 851 Novitius

364 882 469 973 ad
521 887 813 971 Sacros
864 877 1226 967 Ordines
1294 879 1638 1000 provehi
1709 879 2253 985 concesserit,
2308 913 2353 964 a
2418 876 2678 990 gradu
2731 910 2881 965 suo
2932 881 3305 986 excidat,
3363 907 3447 971 et
3493 885 3753 971 Novi·

367 1009 528 1091 tius
588 1000 690 1091 ad
730 1002 1063 1088 habitus
1114 1006 1720 1115 susceptionem
1777 1000 2164 1086 inhabilis
2214 1001 2665 1085 censeatur.
2732 1000 3061 1086 XXIV.
3117 1003 3501 1089 Novitius
3553 1038 3744 1091 cum

367 1122 801 1213 Monachis
853 1120 1230 1238 professis
1294 1120 1774 1233 suffragium
1832 1152 1996 1206 non
2048 1117 2257 1205 ferat
2291 1184 2319 1223 ,
2386 1152 2658 1240 neque
2722 1120 2830 1208 de
2883 1122 3127 1208 rebus
3180 1122 3282 1209 ad
3337 1123 3750 1212 Ordinem

367 1244 926 1362 spectantibus
979 1248 1580 1353 interrogetur,
1650 1275 1919 1360 neque
1975 1240 2231 1327 ullam
2282 1238 2764 1349 dignitatem
2853 1245 2936 1326 in
2995 1242 3318 1330 Ordine
3375 1244 3672 1333 habeat
3719 1312 3743 1354 ,

366 1365 572 1451 dum
641 1352 1093 1478 probatur,
1157 1364 1302 1449 s'ed
1358 1367 1826 1451 ministeriis
1895 1376 2250 1448 ‘tantum‘
2309 1362 2788 1449 Monasterii
2845 1361 3117 1449 addici
3204 1389 3494 1480 potest.
3551 1368 3750 1453 Pro·

363 1488 721 1573 bationis
791 1516 1130 1602 quoque
1192 1508 1559 1600 tempore
1610 1484 2022 1569 ‘Novitius
2078 1515 2118 1568 a
2193 1482 2908 1593 Monaste1·i0,‚in
2992 1516 3161 1602 quo
3239 1484 3343 1572 ad
3410 1489 3753 1601 Tyroci·

366 1612 604 1693 nium
653 1603 1055 1690 admissus
1107 1602 1357 1692 fuerit
1389 1669 1415 1711 ,
1481 1603 1584 1692 ad
1639 1602 1866 1689 aliud
1916 1604 2510 1689 Monasterium
2568 1636 2730 1689 non
2790 1603 3262 1692 trasferatur
3308 1610 3488 1694 sine
3538 1612 3754 1723 justa

368 1759 608 1815 causa
645 1787 671 1832 ,
737 1740 902 1812 'nec
954 1729 1128 1811 sine
1180 1728 1521 1812 consilio
1562 1724 2242 1837 Congregationis
2291 1724 2770 1811 Monasterii
2824 1787 2847 1830 ‚
2915 1757 3086 1843 quo
3141 1727 3753 1816 transferendus

368 1873 489 1936 est
524 1910 548 1955 ,
616 1867 702 1934 et
747 1878 844 1932 ex
910 1849 1447 1959 permissione
1497 1847 1851 1931 Abbatis
1904 1843 2356 1931 Generalis.
2451 1846 2585 1931 Sic
2637 1871 2916 1951 autem
3002 1849 3434 1934 translatus
3468 1913 3493 1956 ,
3561 1882 3755 1936 cum

370 1978 695 2083 ternpus
745 1967 1255 2081 probationis
1308 1967 1794 2082 expleverit,
1834 1997 1985 2082 pro
2035 1963 2754 2078 ejusadmissione
2806 1999 3095 2053 eorum
3146 1970 3759 2056 Monachorum

367 2086 752 2198 suffragia
806 2110 1195 2199 rogentur
1244 2089 1386 2174 ubi
1428 2110 1816 2173 moratur.
1875 2085 2151 2171 XXV.
2218 2085 2605 2171 Novitius
2662 2085 3040 2174 habitum
3090 2114 3318 2200 gerat
3368 2092 3474 2176 ab
3528 2091 3765 2176 habi·

370 2233 460 2294 tu
522 2208 1130 2295 Monachorum
1184 2206 1734 2321 professorum
1774 2205 2194 2294 diversum
2227 2270 2254 2309 ‚
2298 2237 2450 2292 nec
2500 2229 2693 2293 ante
2741 2208 3331 2322 professionem
3363 2208 3755 2297 habitum

369 2331 700 2415 illorum
754 2326 1072 2414 induat.
1151 2328 1477 2414 XXVI.
1548 2328 2068 2414 Sacramenta
2121 2327 2694 2414 Poenitent'iae
2727 2394 2758 2434 ,
2812 2351 2896 2415 et
2945 2327 3520 2417 Eucharistiae
3585 2332 3761 2417 No-

367 2452 618 2535 vitius
668 2442 958 2568 quavis
1012 2447 1531 2534 hebdomada
1575 2449 1835 2535 semel
1899 2448 2188 2534 saltem
2238 2443 2768 2563 frequentet3
2806 2444 3109 2568 ‘neque
3159 2483 3203 2537 a
3252 2449 3762 2538 Divinorum

370 2569 957 2684 Mysteriorum
997 2572 1622 2685 participatione
1656 2564 2226 2683 prohibendus
2275 2590 2400 2652 est
2449 2570 2629 2653 sine
2681 2571 3033 2656 consilio
3066 2571 3328 2657 Patris
3379 2574 3764 2689 spirit-ua-

376 2691 472 2777 lis
513 2692 638 2776 ab
669 2690 1002 2777 Abbate
1051 2690 1321 2777 eidem
1361 2693 1765 2800 assignati.
1833 2687 1948 2772 Et
1998 2690 2059 2771 si
2113 2689 2259 2804 qui
2297 2685 2697 2774 Sacerdos
2734 2687 2994 2778 suerit
3025 2753 3049 2797 ‚
3103 2724 3146 2776 a
3201 2691 3443 2778 Sacra
3499 2692 3756 2788 Obla-

375 2814 599 2898 tione
651 2808 1026 2928 quotidie
1086 2806 1547 2925 peragenda
1600 2804 2236 2924 suspendendus
2284 2838 2452 2892 non
2505 2832 2679 2923 ests,
2735 2812 2889 2894 nisi
2939 2835 3113 2919 est,
3170 2843 3262 2897 ex
3331 2845 3568 2901 causa
3601 2878 3625 2920 ,
3679 2836 3764 2899 et

375 2932 756 3017 consulto
807 2930 1162 3015 Abbate.
1226 2929 1595 3014 XXVII.
1653 2933 1735 3015 Si
1816 2927 2719 3039 contingat‘Novitium
2773 2929 3195 3019 Clericum
3264 2932 3578 3020 'Missae
3641 2937 3766 3019 in·

376 3053 685 3136 servire
737 3081 926 3136 cum
982 3050 1236 3136 altero
1297 3050 1757 3165 Superioris
1807 3045 2179 3160 gradus,
2251 3072 2332 3133 et
2383 3049 2541 3134 loci
2582 3113 2606 3156 ,
2691 3055 2863 3140 sive
2911 3051 3324 3166 proffessus
3409 3056 3550 3142 ille
3601 3057 3704 3139 sit
3737 3119 3767 3158 ‚

380 3173 554 3256 sive
603 3168 990 3256 Novitius
1025 3234 1049 3277 ,
1113 3169 1731 3284 Epitrachelion
1776 3233 1799 3276 ,
1870 3169 2026 3253 hoc
2078 3195 2240 3272 est,
2293 3167 2790 3257 Clericalem
2855 3173 3147 3258 stolam
3209 3207 3372 3261 non
3428 3173 3765 3280 induat,

385 3294 537 3376 uisi
593 3289 968 3376 Clericus
1036 3291 1175 3375 ille
1212 3353 1236 3397 ‚
1301 3294 1448 3408 qui
1514 3291 1697 3377 loco
1734 3353 1759 3394 ‚
1828 3287 2262 3406 graduque
2327 3291 2714 3403 Superior
2762 3302 2950 3397 est,
3020 3292 3591 3410 illud-pariter
3641 3299 3770 3380 in-

386 3409 685 3499 duerit.
751 3411 1190 3501 XXVIII.
1237 3410 1666 3497 Novitium
1722 3410 1963 3496 decet
2011 3408 2432 3494 silentium
2491 3433 2771 3498 tenere
2831 3417 3403 3527 praesentibus
3488 3416 3770 3500 Abba-

384 3557 466 3618 te
502 3596 531 3635 ,
595 3556 845 3650 atque
895 3531 1337 3644 Magistro,
1396 3563 1671 3650 neque
1723 3531 1950 3648 l‘oqui
2005 3533 2164 3614 nisi·
2212 3532 2786 3643 interpelletur
2827 3596 2849 3639 ,
2906 3558 3048 3619 aut
3099 3568 3192 3619 ex
3248 3541 3458 3651 justa
3513 3536 3774 3648 legiti-

390 3683 693 3769 maque
737 3662 1076 3738 causa:
1163 3683 1436 3769 neque
1533 3685 1724 3738 cum
1796 3650 2252 3755 saeculari,
2317 3652 2470 3732 nisi
2528 3651 2910 3760 Abbate,
3013 3679 3097 3740 et
3148 3656 3536 3768 Magistro
3634 3688 3775 3741 an·

385 3773 846 3860 nuentibus
922 3797 1114 3881 ,wet
1210 3776 1370 3859 alio
1447 3771 1864 3860 Monacho
1977 3791 2424 3883 praesente.
2536 3771 2871 3857 XXIX.
2953 3774 3335 3864 Novitius
3438 3807 3770 3864 mensae

264 3962 272 3971 .
386 3926 554 3980 non
610 3892 960 3981 assideat
1009 3958 1033 4001 ,
1115 3898 1266 3980 nisi
1334 3899 1604 4007 jussus
1655 3895 1759 3980 ab
1846 3892 2240 3996 Abbate,
2329 3914 2474 3977 aut
2548 3897 2868 3981 seniore
2929 3900 3149 3982 inter
3240 3896 3586 3985 Fratres.
3684 3897 3770 3982 Si

391 4016 815 4125 contingat
893 4017 1070 4127 ipso
1129 4012 1472 4130 sedente
1530 4015 1976 4129 praeterire
2029 4011 2441 4096 Abbatem
2481 4076 2511 4116 ,
2592 4036 2738 4098 aut
2816 4015 3343 4105 Sacerdotem
3383 4082 3411 4119 ‚
3495 4018 3769 4103 statim

391 4156 809 4243 assurgat,
861 4156 946 4220 et
999 4138 1311 4249 junctis
1379 4136 1815 4222 in-Crucis
1878 4131 2221 4220 modum
2271 4163 2514 4245 supra
2564 4161 2854 4246 pectus
2908 4139 3288 4223 manibus
3328 4202 3352 4244 ,
3425 4136 3776 4224 submis-

394 4284 481 4340 sa
548 4256 865 4341 cervice
901 4309 940 4359 ,·
990 4253 1419 4370 oculisque
1471 4257 1552 4339 in
1608 4278 1910 4342 terram
1987 4250 2274 4338 defixis
2322 4275 2681 4365 perstet,
2762 4255 3031 4344 donec
3086 4260 3225 4342 ille
3286 4260 3770 4373 pertransie-

392 4377 520 4460 rit.
592 4374 777 4459 Pari
828 4375 1430 4481 submissione,
1487 4368 2111 4489 reverentiaque
2159 4403 2245 4456 se
2297 4396 2578 4481 gerat,
2640 4377 2973 4463 Abbate
3007 4441 3030 4480 ‚
3088 4404 3227 4463 aut
3278 4382 3440 4464 alio
3490 4384 3779 4464 Sacer·

396 4491 591 4581 dote
668 4497 943 4610 ipsum
992 4494 1526 4613 alloquente,
1599 4527 1753 4581 nec
1807 4495 1961 4579 nisi
2048 4496 2317 4607 jussus
2401 4491 2772 4581 assideat.
2855 4497 3585 4585 XXX.·Novitius
3673 4498 3777 4583 ab

396 4615 732 4702 Abbate
769 4676 795 4721 ,
850 4616 1086 4702 aut'a
1138 4618 1533 4728 Magistro
1593 4613 2137 4731 reprehensus
2187 4675 2212 4720 ‚
2293 4616 2567 4697 statim
2622 4617 2703 4699 in
2758 4648 3024 4729 genua
3077 4617 3451 4734 procidat
3502 4684 3525 4727 ‚
3583 4622 3778 4705 taci-

397 4762 696 4853 tusque
747 4733 1031 4821 audiat
1093 4760 1573 4845 arguentem
1616 4771 1633 4819 z
1712 4767 1866 4823 nec
1919 4734 2072 4817 nisi
2125 4736 2438 4845 jussuS,
2489 4765 2641 4849 pro
2690 4769 2776 4824 se
2826 4740 3077 4828 verba
3129 4737 3378 4828 faciat
3410 4805 3434 4851 ,
3488 4765 3633 4828 aut
3682 4742 3785 4824 si-

397 4855 486 4941 hi
539 4853 1238 4971 obiecta‘refellat
1286 4893 1303 4939 z
1389 4889 1544 4946 nec
1598 4859 1752 4944 nisi
1803 4852 1949 4942 illo
1998 4853 2349 4982 jubente
2407 4882 2796 4968 assurgat.

1797 5095 1869 5181 G
1935 5096 2013 5181 A
2077 5095 2173 5181 P.
2290 5090 2399 5178 11.

1443 5338 1582 5424 De
1648 5340 2084 5456 Magistro
2166 5332 2739 5425 Novitiorum.

531 5583 594 5667 I.
648 5581 1042 5696 Magister
1087 5581 1614 5672 Novitiorum
1678 5579 2084 5691 intelligat
2135 5607 2306 5666 rem
2360 5610 2536 5668 esse
2583 5583 2859 5695 magui
2910 5586 3309 5673 momenti
3360 5587 3517 5673 sibi
3568 5617 3789 5677 com·

407 5706 789 5791 missam:
857 5700 1543 5825 quandoquidem
1594 5733 1691 5792 ex
1752 5704 2016 5824 prima
2068 5700 2605 5794 Novitiorum
2674 5706 3193 5820 institutione
3240 5704 3553 5828 pendet
3616 5742 3788 5798 ma-
