4834 6409
638 543 649 552 ,
1216 553 1219 556 ,
3075 571 3084 580 ,
3607 473 3726 578 ’10

536 621 799 716 {Bona-
832 616 1410 710 Ecclesiam-um
1448 607 1803 735 jamdiu
1848 611 1958 698 ab
2006 607 2484 697 Haeret-icis
2503 679 2510 690 .
2532 613 2942 721 occupata
2989 593 3083 683 in
3114 594 3617 691 Palatinam
3662 501 3814 696 iaz

639 742 974 861 firz'ore
1006 805 1033 850 ‚
1097 760 1179 829 et
1228 741 1580 827 Ducam
1634 732 2224 850 Neoburgensi
2284 734 2391 815 iis
2453 725 3029 815 condonantur
3092 722 3710 812 Possessoribus
3760 787 3806 833 ,ᾗ

664 868 823 980 qui
848 862 985 949 ‘ad
1010 860 1291 981 fidem
1345 855 1909 947 Catholicam‹
1940 869 2552 940 convertuntur.

1016 1030 2059 1274 CLEMENS-
2151 1029 2717 1219 PA'PA
2809 1037 3190 1204 ΧΠ.

1393 1348 1550 1437 Ad
1584 1365 2086 1465 perpetuam
2131 1345 2275 1426 ret
2307 1341 2831 1428 memoriam.

548 1489 833 1679 Inter
879 1592 1423 1711 multiplices,
1475 1580 2149 1708 gravissimasque
2194 1582 2726 1699 Apostolatus
2776 1607 3054 1683 cur-as,
3120 1578 3446 1696 quibus·
3477 1575 4191 1668 assiduel’roemiw'

426 1708 905 1798 detinemur
966 1717 1055 1799 in
1131 1746 1312 1801 eam
1383 1712 1903 1826 potissimum
1969 1708 2537 1795 incumbimus
2585 1768 2612 1812 ,
2697 1723 2795 1788 ut
2876 1700 3293 1813 extirpatis
3365 1696 3804 1787 haeresum

428 1831 827 1945 vepribus
876 1832 1309 1923 Catholica
1367 1828 1614 1918 Fides
1665 1829 1979 1947 ubique
2046 1831 2419 1940 gentium
2472 1824 2760 1912 floreat
2793 1885 2820 1928 ,
2883 1819 3385 1928 accolatur,
3438 1850 3804 1942 ovesque

430 1947 838 2039 diabolica
888 1952 1182 2043 fraude
1230 1951 1670 2056 seductae,
1735 1973 1819 2036 et
1866 1982 2011 2064 per
2059 1947 2644 2035 devia'misere
2689 1963 3090 2047 errantes,
3150 1939 3819 2053 agnita-tandem

425 2073 774 2159 vesitate
852 2072 959 2160 ad
1036 2106 1370 2187 gregem
1438 2070 1981 2158 Dominicum
2067 2067 2575 2157 reducantur
2618 2129 2644 2169 ‚
2709 2066 3034 2183 piisque
3119 2058 3797 2150 orthodoxorum

432 2189 921 2307 Principum
972 2191 1083 2283 de
1127 2194 1504 2284 Ecclesia
1554 2190 1713 2278 Dei
1769 2194 2080 2307 optime
2144 2191 2626 2277 meritorum
2679 2187 2766 2270 in
2816 2183 2903 2272 id
2952 2185 3224 2297 ipsum
3272 2180 3798 2272 laudabiliter

428 2306 977 2400 tendentibus
1039 2319 1250 2405 votis
1325 2336 1734 2435 quantum
1810 2342 2001 2397 cum
2053 2308 2420 2397 Domino
2480 2337 2913 2425 possumus
2947 2368 2974 2414 ,
3040 2304 3592 2398 libentissime.
3657 2335 3800 2400 a„n·-.

435 2462 804 2520 nmmus.
2295 2459 2303 2472 ’

543 2563 617 2658 §-
697 2584 766 2640 1.
836 2551 1058 2642 Cum
1108 2557 1455 2673 itaque,
1517 2554 1733 2639 sicut
1816 2547 2172 2638 dilectus
2235 2551 2498 2637 Filius
2565 2550 2868 2638 nobilis
2918 2550 3046 2638 vir
3096 2546 3445 2636 Carolus
3495 2545 3800 2636 Comes
3822 2519 4181 2681 Geganio&-

424 2670 848 2762 Palatinus
900 2676 1171 2763 Rheni
1224 2678 1305 2762 S.
1363 2674 1458 2760 R.
1516 2672 1855 2788 Imperii
1906 2671 2301 2787 Princeps
2349 2672 2693 2760 Elector
2741 2667 3491 2783 Heydelbergensis
3552 2666 3796 2753 nobis
3820 2703 4059 2773 latinus
4201 2727 4206 2734 -

424 2822 701 2908 nuper
736 2799 1047 2911 exponi
1094 2794 1293 2883 fecit
1326 2860 1351 2904 ‚
1393 2797 1713 2882 tametsi
1763 2788 2080 2879 diversa
2132 2792 2353 2882 bona
2401 2789 2979 2877 Ecclesiastica
3029 2793 3113 2876 in
3153 2789 3624 2876 Palatinatu
3672 2790 3794 2874 in·
3820 2796 4178 2887 praevidens

422 2910 777 3023 feriore,
841 2946 936 3002 ac
982 2916 1322 3002 Ducatu
1370 2914 1947 3025 Neoburgeusi
2001 2912 2428 3025 temporali
2480 2942 2676 2998 snae
2727 2909 3023 2998 ditioni
3086 2910 3481 3024 subjectis
3531 2911 3798 2997 consi-
3818 2889 4157 3047 fferffi‘lf?
4266 2953 4274 2960 ·

425 3037 720 3121 steutia
750 3098 775 3142 ,
847 3065 1062 3153 quae
1111 3036 1305 3122 olim
1363 3034 1564 3121 dum
1617 3033 1970 3120 haeresis
2017 3038 2106 3119 in
2155 3033 2318 3118 illis
2353 3096 2379 3140 ‚
2431 3029 2971 3151 finitimisque
3056 3032 3528 3144 regionibus
3589 3061 3795 3118 cun·
3820 3002 4068 3140 edim?
4088 3016 4151 3154 ‚f

426 3175 559 3240 cta
608 3158 989 3243 misceret
1023 3218 1047 3262 ‚
1115 3188 1210 3244 ac
1260 3156 1632 3243 turbaret
1678 3185 1823 3269 per
1852 3153 2401 3241 'Acatholicos
2448 3175 2852 3268 occupata
2905 3151 3233 3242 fuerant
3268 3217 3293 3260 ,
3358 3163 3792 3267 progressu
3820 3165 3931 3254 qui
3990 3188 4183 3232 occu-

422 3277 819 3389 temporis
867 3274 1425 3365 benedicente
1471 3273 1841 3361 Domino
1875 3337 1901 3381 ,
1940 3297 2415 3391 recuperata
2451 3340 2478 3386 ‚
2542 3305 2692 3362 seu
2739 3275 2937 3360 alias
2990 3270 3401 3362 vindicata
3449 3271 3793 3377 fuerint,
3814 3263 4180 3415 ΞΨΕῙὛ·

425 3393 802 3513 dictique
865 3394 1144 3483 Caroli
1208 3397 1619 3511 Principis
1690 3394 2102 3483 Electoris
2162 3400 2511 3512 majores
2546 3458 2573 3503 ,
2638 3426 2782 3483 seu
2860 3385 3433 3506 progenitores
3505 3394 3793 3481 Duces
3813 3372 4183 3508 sifruniffi:

418 3513 1058 3628 Neoburgenses
1108 3516 1639 3635 postmodum
1693 3549 1735 3603 a
1791 3513 2006 3602 Sede
2055 3516 2532 3630 Apostolica
2615 3548 2710 3603 ac
2759 3517 3234 3629 praesertim
3298 3513 3561 3603 felicis
3624 3545 3785 3602 rec.
3817 3554 3899 3600 na
3951 3533 4116 3600 deti-

418 3635 895 3724 Alexandro
955 3638 1118 3722 ΡΡ.
1173 3639 1367 3727 Vll.
1423 3635 2065 3725 Praedecessore
2116 3659 2395 3724 nostro
2449 3635 2555 3725 de
2603 3635 3024 3758 aliquibus
3071 3635 3313 3723 bonis
3372 3639 3492 3722 sic
3557 3666 3790 3723 recu·
3814 3638 4035 3733 ⁸⁰⁰¹,ss
4063 3625 4180 3733 cs.

422 3760 724 3870 peratis
847 3756 1187 3847 uasdam
1263 3764 1435 3876 pias
1496 3752 2080 3864 fundationeS‚
2120 3780 2231 3844 et
2294 3758 2882 3873 applicationes
2918 3822 2943 3864 ,
3008 3756 3369 3877 aliasque
3448 3717 4179 3876 disposi-{1¹2⁰,¹3¹3c{¹‘

423 3879 690 3964 tione‘s
727 3941 751 3986 ,
786 3791 1039 3987 {ern
1091 3913 1237 3968 seu
1289 3878 1725 3997 approbari
1755 3910 1991 3985 ,nec
2039 3908 2206 3964 non
2260 3900 2428 3965 tam
2478 3881 2600 3965 illi
2634 3943 2665 3983 ,
2714 3909 2961 3996 quam
3013 3881 3257 3964 etiam
3313 3881 3485 3994 ipse
3536 3877 3788 3965 Caro·
3813 3900 4048 3991 pienda
4074 3924 4182 3968 ex-

422 3997 556 4084 lus
606 3999 1003 4115 Princeps
1065 4002 1405 4090 Elector
1440 4063 1465 4107 ,
1528 3999 2126 4086 nonnullorum
2172 3998 2522 4085 aliorum
2567 3999 2979 4085 bonorum
3037 3997 3590 4113 praefatorum
3644 3997 3785 4084 ad-
3813 3994 4034 4059 ten-eri
4157 4086 4174 4102 ‚

424 4121 1121 4206 ministrationem
1161 4185 1185 4227 ‚
1252 4152 1464 4239 quae
1513 4124 1758 4207 etiam
1822 4117 1926 4205 ad
1976 4150 2359 4234 praesens
2423 4117 2666 4207 durat
2700 4183 2725 4227 ‚
2788 4120 2945 4205 sibi
2998 4152 3143 4234 per
3195 4117 3490 4205 Sedem
3557 4150 3784 4234 prae·
3812 4108 4179 4246 {3⁸22’r2}

427 4235 736 4323 dictam
790 4245 1249 4351 respective
1336 4237 1742 4347 concedi,
1806 4273 1902 4326 ac
1955 4239 2236 4324 tribui·
2280 4241 2800 4328 obtinuerint
2845 4304 2869 4348 ,
2938 4237 3476 4327 nihilominus
3551 4240 3785 4355 plura
3814 4268 4130 4335 sumenda

318 4429 339 4456 ,
425 4387 524 4444 ex
575 4356 822 4444 bonis
869 4359 1478 4447 Ecclesiasticis
1561 4356 2049 4473 supradictis
2111 4359 2387 4447 adhuc
2449 4384 2777 4468 extent,
2847 4391 3059 4479 quae
3136 4364 3379 4446 etiam
3433 4391 3664 4445 -nurn
3745 4361 4145 4450 a.00¹¹¹P0¹¹⁰·

425 4475 672 4565 dictis
721 4478 1237 4569 Acatholicis
1288 4479 1768 4569 detinentur
1805 4546 1828 4589 ,
1898 4512 1991 4567 ac
2038 4484 2105 4566 si
2154 4512 2297 4574 sua
2334 4545 2363 4585 ‚
2428 4506 2512 4568 et
2560 4486 2884 4599 propria
2936 4478 3264 4586 forent,
3305 4479 3789 4570 eorumdem
3816 4467 4050 4521 rentur.

421 4628 622 4687 vero
687 4600 1369 4688 Acatholicorum
1419 4602 1856 4722 plerosque
1906 4635 1949 4687 a
1987 4598 2257 4687 reditu
2310 4598 2409 4685 ad
2453 4605 2851 4714 gremium
2910 4603 3256 4691 Sanctae
3305 4602 3592 4688 Matris
3628 4603 3791 4690 Ec-

424 4718 720 4807 clesiae
796 4718 1252 4831 deterreat,
1318 4755 1413 4810 ac
1493 4745 1859 4810 moretur
1909 4737 2177 4840 metus
2230 4753 2334 4808 ne
2380 4722 2601 4809 bona
2674 4719 3087 4837 praedicta
3122 4784 3149 4827 ,
3199 4723 3509 4840 quibus
3558 4753 3787 4808 nunc

417 4843 913 4951 potiuntur,
950 4867 1129 4957 post
1179 4847 1303 4929 sui
1364 4840 1720 4932 reditum
1777 4840 2255 4959 hujusmodi
2307 4840 2724 4933 dimittere
2776 4866 3223 4955 cogantur,
3264 4866 3552 4958 utpote
3604 4847 3790 4963 qui-

418 4958 582 5045 bus
632 4957 1060 5070 destituti,
1144 4968 1357 5051 vitae
1408 4964 1824 5052 humanae
1874 4962 2260 5049 subsidiis
2295 5025 2318 5067 ‚
2387 4996 2484 5050 ac
2535 4963 3039 5070 commodis,
3109 4963 3417 5082 quibus
3468 4962 3613 5049 diu
3666 4997 3787 5049 as-

424 5095 931 5189 sueverunt,
993 5107 1491 5170 exuerentur
1525 5148 1550 5189 ,
1603 5115 2060 5203 eorumque
2111 5081 2311 5190 filii,
2380 5109 2465 5170 et
2510 5082 2872 5172 familiae
2924 5116 3339 5198 congrua,
3389 5116 3484 5169 ac
3536 5087 3786 5170 etiam

420 5198 927 5321 quandoque
1004 5207 1449 5290 necessaria
1538 5210 2133 5293 sustentatione
2206 5228 2576 5290 carentes
2641 5203 2746 5291 ad
2824 5210 3184 5320 inopiam
3231 5271 3253 5311 ,
3318 5202 3784 5320 duramque
3912 5302 3927 5318 ⁶

421 5339 860 5436 egestatem
916 5321 1533 5434 redigere'ntur3
1589 5322 1821 5410 {dem
1874 5324 2219 5411 Carolus
2275 5326 2668 5441 Princeps
2715 5327 3053 5413 Elector
3091 5323 3781 5431 animadvertens,
3806 5302 3963 5459 ‘¹3¹⁸
4019 5321 4177 5414 ἔκη’

418 5441 646 5559 quod
699 5447 766 5529 si
821 5444 1325 5531 Acatholicis
1379 5440 1754 5559 praefatis
1815 5469 2251 5564 postquam
2303 5443 2407 5533 ad
2464 5447 2974 5561 Religionem
3025 5446 3545 5534 Catholicam
3583 5478 3781 5535 eon-e
3810 5417 4177 5557 figaria&

420 5568 634 5650 versi
681 5563 992 5653 fuerint
1024 5591 1061 5672 ‚²
1108 5566 1329 5651 bona
1368 5569 1495 5652 ·sic
1536 5591 1949 5682 occupata
2003 5569 2358 5654 retinere
2409 5568 2749 5674 liceret,
2811 5573 3025 5655 sicut
3077 5599 3242 5655 non
3297 5570 3408 5654 ita
3460 5566 3786 5683 pridem
3809 5577 3998 5652 tifice.

424 5684 814 5772 similium
876 5687 1289 5774 bonorum
1340 5688 1977 5805 occupatoribus
2064 5690 2146 5773 in
2200 5687 2543 5776 Ducatu
2588 5690 2990 5777 Saxoniae
3041 5722 3086 5778 a
3151 5688 3390 5780 nobis
3455 5720 3784 5780 conces-

2625 5809 2706 5893 Ο
2755 5843 2807 5895 2
