4834 6409
1028 420 1206 512 316

1032 546 1203 653 Qui
1251 560 1451 631 vero
1501 543 1928 629 haereticis
1979 562 2124 628 aut
2204 534 2745 633 schismaticis
2788 542 3266 661 parentibus
3321 566 3559 633 natus
3616 562 3763 661 ‚est
3798 602 3826 647 ,
3890 544 3994 626 ab
4064 538 4455 625 Abbate‘.

1028 664 1506 753 Mona-sterii
1571 662 2137 777 suscipiendus
2206 692 2368 750 non
2430 688 2555 751 est
2594 732 2616 772 ‚
2700 671 2851 752 nisi
2922 664 3032 753 de
3110 666 3437 753 licentia
3515 662 3865 751 Abbatis
3940 659 4393 748 Generalis·

1036 785 1481 892 Secundo,
1547 791 1609 870 si
1666 789 2475 890 excommunicatus,
2566 786 3114 894 interdictus*²
3196 804 3773 903 suspensusve·
3832 785 3936 869 ab
4014 783 4405 869 exercitio·

1028 910 1155 990 sni
1213 898 1564 990 Ordinis
1623 894 1872 990 suerit
1911 968 1933 1008 ,
1993 930 2189 992 ante
2269 906 2873 995 absolutionem
2913 970 2935 1014 ‚
3024 930 3273 1025 atque
3338 906 4004 993 benedictionem
4087 902 4401 1019 proprii

1027 1020 1418 1140 Episcopi
1472 1052 1636 1110 non
1697 1029 2155 1141 recipiatur.
2226 1026 2513 1112 Tertio
2564 1059 2727 1114 non
2784 1024 3224 1142 recipiatur
3291 1026 3674 1113 Novitius
3722 1026 4401 1140 publioe‘suspe-

1030 1167 1208 1232 ctus
1236 1213 1264 1253 ,
1349 1147 1486 1234 vel
1532 1140 1850 1243 deiatus
1902 1144 2006 1231 de
2078 1147 2561 1233 criminibus
2594 1174 2601 1183 ·
2632 1146 3190 1263 spectantibus
3236 1147 3359 1246 ad,
3404 1151 3843 1259 negotium·
3875 1144 4072 1232 fidei
4124 1143 4401 1229 ortho-

1029 1265 1337 1374 doxae,
1400 1267 1532 1352 vel
1585 1266 1689 1353 de
1740 1265 2243 1374 homicidio,
2310 1274 2452 1353 a'ut
2503 1274 2818 1355 enormi
2870 1272 2954 1353 in
3037 1300 3122 1355 re
3175 1274 3396 1385 turpi
3475 1268 3783 1353 delicto
3819 1300 3857 1350 z·
3914 1294 4215 1384 neque·
4250 1295 4405 1348 no-

1027 1391 1234 1474 torie
1283 1386 1662 1490 infamis,
1728 1390 1880 1471 nisi
1935 1411 2150 1472 certa
2214 1391 2578 1474 sincerae
2662 1392 3216 1502 poenitentiae
3279 1395 3502 1502 signa
3570 1415 3806 1476 antea
3877 1385 4399 1491 ostenderit,

1028 1529 1109 1591 et
1171 1508 1622 1593 obtinuerit
1684 1507 2281 1595 absolutionem
2320 1571 2343 1612 ‚
2435 1533 2579 1593 aut
2626 1510 3314 1625 dispensationem
3368 1545 3410 1597 a
3468 1512 3833 1619 legitimo
3910 1510 4330 1623 superiore
4367 1570 4393 1610 ,

1027 1651 1274 1740 prout
1320 1626 1424 1714 de
1483 1631 1688 1741 jure.
1759 1629 2079 1735 Quarto
2114 1693 2137 1735 ‚
2227 1661 2381 1715 nec
2463 1633 2901 1743 recipiatur
2962 1630 3234 1717 alieno
3313 1663 3497 1718 aere
3550 1632 4037 1716 obstrictus:
4084 1653 4400 1746 ‚neque

1030 1745 1476 1834 reddendis
1548 1746 1652 1834 de
1735 1747 2440 1835 administratione
2521 1755 2630 1834 rei
2698 1753 3014 1839 alienae
3081 1753 3537 1837 rationibus
3601 1752 4058 1835 obnoxius:
4120 1760 4387 1866 neque)

1028 1866 1347 1953 Judicis
1409 1872 1811 1954 sententia
1880 1871 2122 1957 exilio
2174 1870 2621 1981 multatus3
2696 1870 3536 1978 nisi-creditoribus,
3604 1896 3690 1958 et
3786 1870 4379 1982 magistratibw

1024 1985 1520 2101 satisfecerit.
1589 1988 1910 2096 Quinto
1943 2047 1969 2093 ,
2031 2018 2180 2075 nec
2225 1992 2623 2104 conjugio
2687 1993 3043 2104 ligatus,
3119 1995 3273 2077 nisi
3337 1989 3444 2076 de
3490 2020 3900 2077 consensu
3950 1993 4391 2105 c-onjugis'7

1026 2126 1109 2193 et
1160 2104 1368 2194 sacta
1422 2138 1694 2195 coram
1746 2109 2161 2224 Episcopo
2205 2112 2743 2223 separatione.
2786 2114 3059 2198 Sexto
3084 2176 3114 2216 ,
3182 2143 3349 2199 nec‘
3383 2116 3465 2196 in
3521 2112 4092 2215 Ecclesiastica
4134 2109 4395 2222 digni-

1025 2246 1190 2314 t'ate
1233 2233 1787 2336 constit-utus,
1831 2234 1962 2315 cui
2018 2260 2211 2315 cura
2263 2235 2727 2316 animarum
2772 2264 3091 2319 annexa
3139 2236 3245 2318 sit
3278 2296 3302 2339 ,
3344 2235 3496 2317 nisi
3535 2235 3620 2317 in
3672 2262 3928 2317 manu
3978 2233 4105 2317 sui
4156 2232 4400 2317 Prae-

1023 2350 1164 2434 lati
1219 2351 1441 2436 illam
1496 2347 2024 2436 abdicaverit.
2098 2352 2468 2465 Septimo
2503 2411 2527 2457 ,
2598 2384 2752 2439 nec
2806 2351 3159 2457 nothus,
3222 2382 3501 2470 neque
3548 2353 3714 2437 alio
3758 2354 3967 2441 vitio
4014 2351 4397 2442 laborans

1019 2472 1699 2581 irregularitatem
1754 2468 2202 2556 inducente
2233 2534 2256 2574 ‚
2310 2495 2394 2556 et
2441 2501 2915 2587 processum
2968 2470 3071 2557 ad
3120 2504 3389 2559 sacros
3441 2472 3803 2558 Ordines
3854 2470 4391 2586 impediente,

1021 2593 1173 2674 nisi
1243 2591 1585 2678 obtenta
1671 2591 1775 2676 ab
1859 2588 2219 2677 habente
2305 2588 2781 2680 facultatem
2847 2593 3370 2680 absolutione
3414 2657 3440 2699 ‚
3530 2626 3675 2678 seu
3754 2590 4390 2707 dispensatione.

1021 2710 1343 2799 Octavo
1378 2743 1613 2820 „nec
1677 2741 1913 2822 aeger
1966 2742 2352 2827 corpore,
2424 2744 2575 2799 nec
2628 2714 2921 2799 morbo
2972 2717 3235 2802 cuivis
3286 2716 3689 2826 obnoxius
3726 2777 3750 2819 ,
3822 2744 3975 2799 uec
4025 2717 4388 2821 insanus,

1020 2855 1162 2917 aut
1211 2836 1512 2919 mentis
1577 2833 1851 2918 minus
1903 2864 2241 2947 compos
2288 2864 2547 2945 suaeg,
2600 2832 2747 2920 sed
2790 2865 3137 2950 corpore
3219 2867 3519 2941 sanus,
3586 2858 3673 2919 et
3723 2837 4043 2945 integer
4090 2835 4248 2937 sit,
4313 2861 4401 2923 et

1019 2954 1342 3038 interno
1426 2975 1867 3040 externove
1933 2955 2133 3040 vitio
2206 2975 2476 3041 careat
2524 3018 2548 3061 ‚
2615 2986 2785 3072 quo
2860 2954 2966 3040 ab
3045 2953 3511 3040 Ordinibus
3586 2950 4195 3068 suscipiendis,
4256 2983 4402 3044 aut

1020 3071 1490 3160 exhibendo
1540 3074 1967 3158 Fratribus
2018 3075 2473 3159 ministerio
2524 3070 3047 3190 impediatur.
3115 3075 3362 3161 Nono
3398 3139 3422 3181 ,
3480 3105 3630 3161 nec
3679 3078 3962 3196 quiin
4018 3074 4179 3158 alio
4218 3071 4399 3156 Mo·

1020 3196 1423 3311 nasterio‚
1492 3218 1634 3279 aut
1686 3191 2009 3280 Ordine
2059 3193 2646 3306 professionem
2696 3198 3023 3300 emisit,
3094 3198 3248 3281 nisi
3304 3198 3551 3308 petita
3604 3228 3645 3280 a
3701 3197 4029 3309 proprio
4080 3192 4402 3277 Praela-

1016 3330 1102 3396 to
1169 3316 1470 3419 venia,
1533 3338 1620 3400 et
1672 3338 1941 3399 nostra
1994 3314 2381 3401 Generali
2434 3316 3094 3426 Congregatione
3170 3338 3617 3403 annuente.
3676 3314 4065 3400 Monaehi
4146 3342 4393 3427 vero,

1019 3436 1166 3551 qui
1216 3464 1359 3519 sua
1430 3431 1676 3519 nobis
1728 3430 2277 3540 Monasteria,
2339 3440 2862 3548 superiorum
2939 3439 3338 3551 permissu
3392 3501 3418 3539 ,
3480 3434 4033 3541 tradiderint,
4088 3435 4154 3520 si
4206 3462 4399 3517 con-

1017 3557 1568 3664 gregationem
1624 3577 1982 3640 nostram
2035 3558 2560 3670 optaverint,
2624 3553 2735 3641 ad
2783 3587 3096 3641 annum
3148 3578 3341 3641 sunt
3388 3553 3798 3670 probandi
3840 3620 3863 3659 ‚
3942 3586 4115 3672 quo
4166 3584 4390 3670 pera-

1017 3691 1209 3778 τοῖο,
1261 3679 1560 3785 rogatis
1601 3675 2288 3786 Congregationis
2333 3673 2944 3761 Monacborum
3006 3675 3113 3761 de
3195 3707 3425 3761 more
3480 3674 3893 3785 suffragiis
3929 3740 3953 3783 ‚
4020 3672 4132 3762 ad
4217 3703 4399 3788 pro·

1019 3792 1457 3880 sessionem
1509 3794 2103 3904 admittantur3
2166 3800 2448 3882 locum
2502 3827 2696 3883 vero
2742 3820 2929 3910 post
2990 3795 3443 3881 Monachos
3478 3857 3501 3900 ‚
3564 3826 3780 3915 quos
3834 3800 4398 3896 invenerunt,

1011 3915 1464 4002 obtineant.
1523 3918 1706 4026 Qui
1767 3944 1965 4004 vero
2004 3912 2416 4003 Novitius*
2464 3919 2551 4001 in
2622 3918 2790 4004 alio
2840 3917 3340 4001 Monasterio
3376 3980 3406 4020 ‚
3472 3940 3625 4001 aut
3690 3915 4014 4004 Ordine
4075 3914 4325 4002 fixerit
4368 3975 4396 4019 ,

1016 4066 1181 4120 non
1233 4039 1737 4151 recipiatur,
1803 4038 1956 4120 nisi
2007 4033 2113 4123 de
2166 4037 2493 4124 licentia
2564 4037 2912 4123 Abbatis
2968 4037 3427 4123 Generalis.
3498 4038 3691 4121 VH,
3756 4038 4041 4133 Abbas
4104 4036 4398 4122 Mona·
4530 4086 4539 4095 ·

1015 4152 1238 4241 sterii
1293 4183 1744 4276 antequam
1795 4155 2231 4243 Novitium
2283 4156 2665 4250 admittat
2700 4220 2726 4262 ,
2779 4158 3143 4272 exploret
3184 4159 3399 4243 circa
3444 4160 3727 4243 omnia
3782 4155 4246 4272 praedictat
4301 4181 4391 4244 et

1011 4306 1356 4364 examen
1409 4274 1553 4364 fiat
1599 4283 1687 4363 in
1775 4276 2435 4389 congregatione.
2496 4276 3127 4364 Monachorum.
3190 4277 3283 4361 Si
3372 4276 3656 4362 Abbas
3721 4274 4148 4367 Novitium
4219 4300 4400 4392 post

1011 4402 1566 4511 praemissum
1601 4426 1950 4485 examen
2027 4396 2522 4506 admiserit,
2588 4396 2896 4485 deinde
2972 4400 3265 4485 vitium
3365 4401 3447 4481 in
3510 4428 3616 4483 eo
3676 4394 4320 4515 deprehenderit
4362 4462 4394 4501 ,

1011 4542 1158 4602 aut
1202 4516 1895 4630 impedimentum
1949 4516 2435 4636 quodlibet,
2490 4522 2890 4606 continuo
2938 4520 3178 4604 illum
3226 4550 3277 4605 e
3312 4518 3815 4606 Monasterio
3860 4517 4248 4607 dimittat.
4300 4522 4396 4603 Si

1017 4666 1216 4722 vero
1261 4635 1783 4750 praedictum
1856 4670 2198 4727 examen
2251 4641 2753 4750 neglexerit,
2812 4639 2926 4725 ab
2976 4641 3312 4726 Abbate
3385 4639 3786 4725 Generali
3837 4640 4191 4750 graviter
4242 4643 4396 4725 erit

1009 4756 1511 4870 puniendus.
1563 4758 1738 4867 Qui
1793 4766 2079 4846 autem
2131 4758 2563 4846 Novitium
2614 4763 3130 4874 susceperit,
3182 4763 3451 4846 sciens
3499 4759 4191 4873 impedimentum
4244 4760 4394 4846 ali-

1003 4877 1262 4994 quod
1298 4906 1404 4967 ex.
1441 4878 1884 4994 praedictis
1927 4881 2255 4967 obstare
2291 4944 2315 4987 ,
2381 4914 2483 4967 ex
2561 4880 2821 4993 gradu
2871 4910 3020 4967 suo
3082 4878 3404 4968 excidat
3450 4884 3596 4999 qui
3642 4880 3771 4966 ‘id
3822 4910 4063 4966 ausus
4140 4877 4390 4967 fuerit

995 4998 1528 5107 :sine-:moras5
1602 5028 1754 5086 nee
1804 4999 1908 5086 ad
1961 4999 2228 5086 ullum
2286 4999 2688 5116 deinceps
2756 5005 2845 5087 in
2928 5002 3353 5114 Religione
3422 4998 3780 5112 gradum
3832 4999 4179 5087 idoneus
4262 4998 4387 5085 di·

995 5144 1326 5229 gn‘trsve
1365 5126 1808 5209 censeatur
1853 5121 2032 5236 ipse
2066 5183 2114 5226 ,.
2143 5144 2239 5207 et
2281 5153 2574 5210 omnes
2624 5120 3016 5209 Monachi
3046 5187 3081 5229 ³
3142 5124 3295 5242 qui
3342 5124 3430 5208 in
3504 5120 4168 5236 congregatione
4217 5153 4387 5208 una

997 5266 1204 5343 ‘cmm
1247 5234 1404 5326 illo
1443 5238 2021 5349 interfuerint,
2063 5239 2167 5326 ad
2223 5246 2672 5329 triennium
2698 5277 2728 5326 ε
2766 5274 2947 5363 quo
2997 5245 3317 5358 expleto
3345 5307 3371 5349 ‚
3414 5276 3466 5330 a
3507 5241 4167 5357 Congregatione
4214 5242 4384 5328 He-

997 5354 1572 5469 -gumenerum-
1607 5367 2220 5451 restitutionem
2271 5364 2729 5453 obtineant.
2810 5363 3198 5451 Novitins
3229 5392 3442 5451 “vero
3480 5395 3684 5451 eum
3732 5369 3820 5451 in
3872 5362 4215 5451 modum
4268 5394 4389 5448 re-

991 5505 1298 5595 oeeptuzs
1369 5486 1448 5566 si
1497 5481 1863 5570 necdum
1909 5482 2510 5598 professionem
2562 5489 2922 5573 emiserit
2954 5548 2977 5592 ‚
3032 5516 3080 5571 e
3110 5485 3630 5573 monasterio
3688 5485 4203 5602 expellatur-3
4258 5486 4424 5595 sin·

995 5602 1284 5709 auten!
1343 5602 1761 5719 professus
1805 5602 2122 5713 fuerit,
2186 5636 2314 5693 res
2345 5603 2457 5692 ad
2510 5604 3257 5721 Congregationem
3310 5606 3995 5721 Hegumeuorum
4035 5602 4379 5699 devolu—
