4834 6409
1134 545 1141 554 .
3713 480 3814 566 1⁴3

430 603 803 695 bendere
832 669 856 713 ,
908 623 993 692 et
1051 593 1647 716 apprehensam
1702 597 2057 688 retinere
2088 662 2117 710 ‚
2170 602 2658 689 auctoritate
2710 591 3151 718 apostolica
3182 657 3230 707 ,-
3263 615 3549 686 tenore
3581 628 3817 712 prae-

436 729 798 816 sentium
828 789 853 833 ,
919 722 1234 840 absque
1284 719 1701 804 dictorum
1750 722 2063 834 jurium
2114 721 2718 837 parochialium
2762 717 3334 835 praejudicio,
3403 743 3812 835 perpetuo

438 843 1033 947 concedimus,
1094 859 1179 926 et
1229 839 1790 954 applicamus,
1853 842 2099 927 salvis
2145 867 2471 948 tamena,
2535 874 2630 927 ac
2665 837 2932 925 firmis
2969 839 3591 926 remanentibus
3640 870 3817 927 om·

434 967 689 1053 nibus
722 1029 749 1070 ,
814 988 900 1053 et
946 958 1291 1071 singulis
1336 960 1859 1073 praeinsertis
1910 959 2532 1050 conditionibus
2583 994 2629 1047 a
2676 956 3101 1073 praedicto
3146 958 3471 1047 Joanno
3517 959 3816 1047 Domia·

435 1091 631 1175 nico
682 1081 1127 1172 Cardinale
1163 1079 1500 1165 Vicario
1531 1084 2091 1197 praescriptis:
2157 1082 2331 1169 Nos
2379 1084 2608 1169 enim
2657 1081 2839 1165 illas
2873 1142 2900 1186 ,
2967 1110 3068 1165 ac
3113 1081 3390 1166 omnia
3424 1141 3451 1185 ,
3522 1102 3608 1167 et
3652 1084 3819 1168 sin·

443 1208 632 1319 gula
690 1208 776 1290 in
830 1207 947 1291 eis
998 1221 1384 1289 contenta
1425 1261 1449 1304 ,
1515 1220 1602 1285 et
1651 1231 2024 1317 expressa
2073 1199 2383 1289 eadem?
2413 1202 2897 1287 auctoritate
2932 1196 3240 1285 harum·
3277 1203 3493 1287 serie
3521 1198 3816 1289 itidem

437 1349 840 1442 perpetuo
878 1318 1538 1425 confirmamus,
1605 1343 1690 1409 et
1737 1321 2290 1438 approbamus
2321 1387 2354 1428 ,
2413 1322 2741 1441 illisque
2776 1317 3275 1405 inviolabilis
3326 1321 3818 1434 apostolicae

436 1443 1147 1533 firmitatis³robur
1199 1438 1694 1555 adjicimus»,
1759 1465 2010 1562 atque
2058 1443 2196 1528 illa
2249 1474 2397 1557 per
2446 1441 2772 1527 Fratres
2820 1435 3815 1553 dictaeCongregationis

438 1587 722 1653 exacte
769 1561 1241 1665 observari,
1306 1582 1392 1647 et
1442 1557 1880 1677 adimpleri
1928 1564 2479 1677 praecipimus
2529 1622 2555 1668 ‚
2620 1560 3009 1648 volumus
3054 1617 3092 1663 ‚a
3146 1582 3228 1645 et
3290 1556 3807 1645 mandamus.

438 1688 1013 1773 Decernentes
1054 1676 1394 1767 ‘easdem
1454 1703 1924 1795 praesentes
1975 1682 2248 1768 literas
2308 1685 2572 1768 etiam·
2627 1710 2732 1767 ex·
2781 1710 2941 1784 eo,
3007 1676 3238 1799 quod
3275 1680 3633 1798 quilibet
3665 1682 3809 1767 alii

438 1809 527 1890 in
579 1805 1040 1920 praemissis
1080 1865 1104 1908 ,
1200 1831 1350 1886 seu
1413 1831 1705 1885 eorum
1755 1800 2014 1919 aliqui
2070 1797 2344 1887 'forsan
2392 1805 2529 1917 jus
2577 1859 2622 1906 ,a
2678 1799 2815 1889 vel
2875 1801 3267 1886 interesse
3336 1800 3735 1890 habentes
3782 1865 3822 1908 7

445 1956 592 2011 seu
645 1924 953 2011 habere
1008 1918 1644 2043 quomodolibet
1716 1917 2408 2034 praetendentes,
2481 1920 2652 2005 illis·
2708 1949 2880 2005 non
2934 1922 3498 2007 consenserint
3543 1985 3574 2025 ,
3655 1951 3815 2009 nec

448 2043 555 2130 ad
604 2075 698 2131 ea
745 2046 1074 2149 vocati,
1128 2044 1411 2145 citati,
1473 2062 1558 2125 et
1603 2037 1925 2146 auditi,
1979 2071 2258 2159 neque
2307 2072 2656 2145 causae,
2718 2061 3055 2155 propter
3103 2070 3311 2156 quas
3361 2043 3545 2156 ipse
3586 2071 3819 2158 prae-
3866 2057 3874 2070 ‘

443 2171 718 2251 sentes
768 2164 1285 2265 emanarint,
1336 2156 1845 2245 sufficienter
1893 2156 2360 2265 adductae,
2408 2159 2929 2265 verificatae,
2980 2179 3066 2245 et
3113 2155 3814 2275 justificataefue-

439 2287 612 2369 rint
647 2348 673 2390 ,
739 2306 885 2369 aut
933 2313 1031 2368 ex
1080 2281 1241 2366 alia
1285 2278 1699 2395 qualibet,
1773 2282 2022 2366 etiam
2086 2284 2625 2400 quantumvis
2672 2276 3028 2394 juridica
3066 2341 3091 2383 ‚
3165 2281 3295 2393 pia
3327 2344 3353 2387 ,
3421 2304 3505 2368 et
3553 2285 3815 2395 privi-

447 2403 740 2513 legiata
796 2433 1094 2505 causa,
1162 2398 1480 2502 colore,
1532 2420 2012 2511 praetextu,
2064 2422 2148 2486 et
2182 2404 2516 2514 capite,
2563 2401 2815 2488 etiam
2851 2402 2939 2483 in
2995 2428 3336 2513 corpore
3362 2403 3565 2514 juris
3594 2401 3822 2488 clau-

447 2553 539 2607 so
575 2585 602 2628 ,
672 2522 907 2608 nullo
942 2548 1324 2636 unquam
1376 2539 1752 2630 tempore
1796 2514 1913 2605 de
1963 2518 2518 2635 subreptionis
2546 2582 2571 2627 ,
2621 2519 2758 2607 vel
2805 2518 3367 2632 obseptionis,
3433 2544 3580 2607 aut
3623 2525 3817 2607 nul·

447 2644 696 2727 litatis
746 2644 949 2728 vitio
977 2703 999 2744 ‚
1054 2670 1202 2725 seu
1249 2639 1743 2724 intentionis
1782 2659 2105 2723 nostrae
2131 2700 2162 2741 ‚
2213 2662 2356 2724 aut
2389 2642 2781 2738 interesse
2812 2636 3312 2724 habentium·
3340 2671 3816 2749 consensus,

446 2763 712 2849 aliove
764 2759 1140 2878 quolibet
1172 2821 1203 2861 ‚
1252 2759 1507 2844 ctiam
1563 2758 2097 2874 quantumvis
2151 2786 2503 2867 magno,
2569 2787 2666 2842 ac
2714 2753 3094 2860 formali,
3161 2781 3248 2842 et
3311 2760 3816 2847 substantia-

448 2883 505 2964 li
535 2943 560 2985 ‚
629 2878 1317 2995 individuamque
1364 2877 1973 2990 expressionem
2016 2878 2486 2997 requirente
2533 2871 2870 2963 defectu
2922 2877 3243 2978 notari,
3311 2879 3814 2990 impugnari,

446 2999 783 3110 infringi
818 3062 848 3101 ,
898 2999 1369 3101 retractari,
1434 2997 1529 3079 in·
1574 2996 2218 3082 controversiam
2268 2996 2594 3100 vocari,
2659 3015 2802 3080 aut
2852 2989 2959 3080 ad
3000 2998 3392 3081 terminos
3425 3001 3636 3113 juris
3694 3031 3824 3087 re·

454 3116 698 3220 duci,
752 3147 898 3200 seu
927 3113 1313 3200 adversus
1350 3113 1525 3198 illas
1560 3113 2030 3226 aperitionis
2058 3117 2271 3222 oris,
2315 3116 2968 3202 restitutionis-in
3001 3115 3442 3225 integrum,
3486 3117 3826 3211 aliudve

459 3233 1058 3351 quodcumque
1103 3236 1309 3348 juris
1356 3295 1384 3338 ,
1449 3229 1641 3317 facti
1671 3295 1706 3336 ,
1764 3234 1902 3321 vel
1977 3231 2800 3345 gratiae-remedium·
2842 3237 3228 3320 intentari
3261 3299 3294 3343 ,.
3357 3238 3491 3323 vel
3561 3242 3831 3356 impe·'

449 3358 638 3441 trari
677 3417 703 3460 ,
768 3384 916 3439 seu
971 3356 1407 3463 impetrato
1421 3414 1465 3454 ,.
1517 3375 1661 3436 aut
1709 3355 1958 3438 etiam
2007 3354 2245 3440 Motu
2298 3357 2678 3470 proprio,
2740 3378 2825 3440 et
2878 3351 2984 3439 de
3052 3356 3544 3468 apostolicae
3593 3384 3827 3474 pote-

451 3476 673 3561 statis
732 3471 1267 3586 plenitudine
1318 3501 1708 3559 concesso
1741 3534 1765 3579 ,
1819 3473 1953 3560 vel
2002 3498 2381 3560 emanato
2429 3475 2904 3594 quempiam
2957 3477 3042 3558 in
3093 3473 3466 3584 Judicio,
3523 3480 3826 3567 vel‘ex·

455 3614 580 3680 tra
630 3589 845 3678 illud
899 3594 1017 3678 uti
1055 3653 1078 3699 ,
1144 3622 1295 3677 seu
1340 3621 1427 3676 se
1475 3593 1763 3704 juvare
1807 3591 1983 3678 ullo
2046 3591 2315 3679 modo·
2345 3625 2581 3709 posse
2606 3657 2645 3701 ,.
2709 3625 2857 3681 seu
2918 3596 3126 3711 ipsas
3205 3597 3666 3710 praesentes
3717 3603 3818 3685 li-

448 3735 661 3800 teras
725 3709 999 3797 firmas
1026 3774 1057 3815 ,
1118 3708 1428 3799 validas
1456 3771 1481 3815 ,
1526 3733 1619 3796 et
1651 3708 2028 3798 efficaces
2072 3715 2416 3801 existere
2453 3777 2478 3821 ,
2531 3736 2615 3802 et
2664 3709 2899 3818 fore,
2961 3745 3341 3834 suosque·
3371 3720 3814 3832 plenarioS‚

451 3854 536 3919 et
579 3836 938 3944 integros
992 3828 1341 3917 effectus
1393 3831 1735 3935 sortiri,
1789 3853 1876 3917 et
1925 3831 2365 3940 obtinere,
2420 3866 2518 3921 ac
2584 3834 2818 3940 illis,
2880 3830 2986 3917 ad
3034 3863 3684 3954 quos-spectat,
3733 3864 3826 3927 et

449 3983 603 4066 pro
650 3974 1020 4066 tempore
1070 3946 1773 4068 quandocumque
1818 3951 2279 4066 spectabit,
2340 3956 2430 4039 in
2484 3952 2891 4039 omnibus-
2939 3976 3024 4039 et
3081 3986 3236 4068 per
3304 3965 3594 4045 omnia-
3647 3960 3844 4076 ple--

452 4073 783 4157 nissime
830 4068 1308 4180 suffragari:
1375 4070 1682 4187 Sicque
1730 4092 1813 4157 et
1865 4101 2030 4157 non
2080 4070 2318 4160 aliter
2378 4076 2466 4158 in
2532 4076 2989 4187 praemissis
3037 4103 3184 4185 per
3255 4108 3852 4198 quoscumque·

447 4188 838 4296 ludices,
904 4188 1449 4294 Ordinari'os,
1516 4212 1601 4274 et
1646 4188 2148 4300 Delegatos·,
2212 4195 2459 4279 etiam
2512 4191 2982 4279 Causarum
3021 4193 3309 4281 Palatii
3368 4199 3848 4310 Apostolici*

456 4306 970 4414 Auditores-,
1028 4339 1123 4394 ac
1173 4308 1256 4391 S.
1313 4306 1407 4391 R.
1461 4307 1566 4390 E.
1618 4307 2085 4421 praedictae
2131 4310 2612 4399 Cardinales
2661 4313 2910 4399 etiam
2953 4309 3059 4404 de
3103 4314 3422 4405 Latere·
3451 4318 3830 4431 Legatos,

447 4428 752 4516 aliosve
801 4428 1216 4546 quoslibet
1263 4457 1791 4547 quacumque
1839 4435 2478 4543 praeeminentia
2515 4496 2542 4542 ,
2607 4453 2695 4520 et
2738 4455 3154 4546 potestate·
3183 4435 3626 4550 'ffingentes
3666 4502 3689 4547 ‚
3743 4463 3833 4528 et

451 4545 885 4636 fiancturos
924 4610 949 4654 ,
1013 4548 1335 4634 sublata
1383 4548 1502 4636 eis
1537 4609 1564 4654 ,
1629 4570 1713 4634 et
1788 4577 2077 4636 eorum
2144 4554 2491 4641 cuilibet
2552 4556 2844 4672 quavis
2892 4554 3126 4642 aliter
3174 4556 3603 4674 judicandi
3655 4625 3686 4665 ,
3750 4585 3837 4645 et

453 4664 1047 4782 interpretandi
1101 4665 1545 4774 facultate,
1611 4689 1694 4754 et
1740 4673 2227 4759 auctoritate
2276 4672 2628 4788 judicari
2681 4733 2708 4778 ,
2776 4695 2860 4759 et
2906 4670 3231 4764 definiri
3287 4676 3593 4768 debere
3627 4743 3680 4786 ,.
3740 4713 3860 4766 ac·

457 4790 783 4873 irritum
814 4850 853 4895 ,
904 4811 995 4875 et
1038 4790 1357 4896 inane,
1424 4790 1493 4873 si
1554 4818 1789 4875 secus
1837 4821 2084 4904 super
2157 4789 2290 4879 his
2364 4827 2407 4880 a
2495 4822 2934 4913 quoquam-
2996 4801 3306 4915 quavis
3350 4804 3852 4887 auctoritate

454 4910 863 5014 scienter·,
912 4908 1049 4995 vel
1078 4909 1568 5019 ignoranter
1600 4911 2041 5021 contigerit
2084 4915 2491 4999 attentari.
2540 4911 2731 4999 Non
2785 4913 3305 5006 obstantibus
3353 4919 3837 5031 praemissis,

455 5058 550 5113 ac
599 5050 1009 5144 quatenus
1058 5057 1265 5138 opus
1314 5029 1473 5131 sit,
1543 5050 1825 5116 nostra.
1857 5092 1900 5136 ,.
1963 5052 2047 5117 et
2110 5029 2678 5120 Cancellariae
2761 5035 3314 5148 Apostolicae‘
3355 5039 3669 5152 Regula
3711 5038 3840 5124 “de

447 5149 873 5261 perpetuis
915 5145 1619 5263 applicationibus
1663 5154 2904 5272 quoaumcumquebonorum,
2967 5179 3057 5244 et·
3099 5156 3529 5247 fmctuum
3580 5160 3867 5245 eccle·-

452 5268 963 5353 siasticorum
1017 5266 1639 5353 committendis
1682 5266 1795 5354 ad
1834 5292 2103 5384 partes
2132 5334 2158 5378 ,
2220 5278 2554 5361 vocatis
2589 5335 2614 5379 ,
2694 5283 3442 5391 quor-nminterest
3475 5340 3516 5384 ,.
3584 5284 3870 5395 expri-

449 5382 927 5507 mendoqne
973 5389 1079 5472 inv
1111 5385 1273 5470 illis
1320 5415 1853 5473 veto-annuo
1899 5391 2202 5479 valore·
2238 5391 2717 5481 secundum
2777 5402 3846 5488 communem-aestimatio·

448 5536 697 5613 nem,
764 5538 885 5594 ao·
923 5504 2398 5602 Lateranensis-Goncilii.novissime
2435 5515 2842 5605 celebrati
2884 5580 2926 5624 „
2981 5522 3364 5606 uniones
3395 5543 3836 5638 perpetuas

444 5627 608 5722 nisi
658 5625 766 5717 in·
797 5627 1118 5718 casibus
1164 5660 1233 5720 a
1257 5629 1447 5750 jure
1480 5628 1927 5751 permissis»
1956 5627 2141 5721 fieri
2185 5631 2639 5756 prohiben-
2694 5698 2744 5748 ,..
2793 5637 3142 5758 aliisque
3185 5638 3844 5730 Constitutioni-
