4834 6409
3623 436 3784 529 261

683 579 791 667 In
836 571 1211 668 Nomine
1270 568 1928 669 Sanctissimae,
1995 575 2078 646 et
2123 558 2628 661 Individuae
2685 556 3164 649 Trinitatis.
3213 555 3521 647 Amen.
3606 641 3614 650 .

444 782 477 895 ζ.
532 823 607 920 S.
683 852 818 908 12.
880 817 1054 903 Nos
1128 811 1606 929 Leopoldus
1687 810 1852 897 Dei
1916 811 2169 926 gratia
2208 806 2916 922 ‚Archiepiscopus
2950 869 2975 913 ,
3042 829 3130 892 et
3203 806 3601 922 Princeps
3665 803 3806 891 Sa·
3828 788 4047 858 M³⁸⁸³⁰
4083 789 4198 857 ΒΕ·

419 939 954 1050 ljsburgeusis
1006 938 1085 1019 S.
1145 933 1374 1019 Sedis
1427 934 1944 1048 Apostolicae
1994 933 2383 1040 Legatus·
2415 926 2679 1014 Natus
2731 928 3047 1015 Primas
3097 927 3596 1013 Germaniae
3641 946 3804 1013 etc.

454 1110 462 1121 ·
543 1059 1076 1175 Quamquam
1143 1086 1236 1140 ex
1321 1087 1489 1173 quo
1567 1050 1673 1137 ad
1724 1051 2524 1167 Archiepiscopalis,
2594 1071 2680 1134 et
2739 1049 3227 1164 Principalis
3291 1044 3809 1167 celsitudinis

427 1178 761 1269 culmen
816 1177 1175 1289 supremi
1228 1175 1643 1260 Numinis.
1691 1172 2206 1285 benignitate
2280 1167 2590 1275 fuimns
2640 1173 3013 1276 evocati,
3080 1200 3176 1254 ac
3239 1170 3604 1284 quasi‘in
3671 1182 3814 1278 'su'-

422 1298 681 1391 blimi
714 1297 1044 1410 specula
1095 1299 1394 1406 positi,
1449 1291 1677 1379 unde
1742 1324 1891 1405 per
1943 1296 2617 1402 circumspectam
2668 1286 3245 1374 sollicitudinis
3295 1282 3651 1374 Nostrae'
3690 1291 3813 1373 vi*

425 1419 844 1525 gilantiam
876 1481 906 1521 ‚
957 1438 1042 1500 et
1091 1416 1605 1500 imminentia
1688 1416 2341 1528 prospiceremus
2406 1409 2824 1521 pericula,
2890 1433 2973 1494 et
3022 1406 3126 1493 ad
3190 1405 3480 1494 eadem
3544 1428 3813 1493 matu·

424 1566 515 1621 re
582 1531 1129 1652 depellenda,
1203 1568 1296 1620 ac
1383 1531 2014 1647 dissipandade
2101 1531 2586 1644 opportunis
2660 1526 3044 1613 remediis
3119 1526 3744 1640 provideremus
3780 1544 3822 1633 ,‘

424 1654 513 1738 id
577 1690 771 1771 prae
848 1656 1137 1769 primis
1185 1677 1577 1767 paternae
1626 1651 1887 1737 Nobis
1954 1681 2200 1758 cura-e
2264 1680 2438 1745 esse
2486 1648 2992 1733 voluerimus
3030 1711 3054 1752 ,
3107 1669 3204 1730 ut
3252 1650 3398 1764 qui
3449 1651 3534 1731 in
3588 1678 3828 1734 com·‘

423 1780 667 1865 missa
721 1777 984 1863 Nobis
1050 1771 1661 1884 Archidioecesi
1713 1772 2058 1855 Domini
2119 1773 2299 1854 vice
2372 1767 2860 1877 fungimur,
2923 1764 3297 1882 ejusdem
3398 1799 3563 1853 non
3635 1787 3813 1852 tan·

3833 882 4184 950 nedictino-

3832 997 4001 1043 rum.

432 1918 619 1982 tum
670 1900 823 2011 ipsi
890 1893 1271 1997 mandata
1304 1959 1334 1998 ‚
1374 1916 1816 2010 'quantum
1872 1892 2057 1989 Deo
2109 1890 2505 1997 largiente
2553 1900 2989 2000 possumus
3023 1952 3044 1992 ,
3115 1886 3403 1974 sedulo
3452 1887 3845 2009 explere·⁴

425 2049 669 2121 mus,
741 2046 1029 2101 verum
1082 2039 1165 2099 et
1217 2013 1320 2100 ad
1376 2017 1456 2096 id
1509 2010 1985 2098 faciendum
2072 2006 2449 2095 subditos
2503 2032 2819 2093 nostros
2864 2008 3202 2113 verbis,
3291 2030 3375 2092 et
3409 2004 3815 2122 ‘exemplis

435 2135 763 2222 assiduo
827 2134 1499 2236 cohortaremur,
1589 2163 1682 2217 ac
1735 2128 2248 2217 concreditas
2323 2128 2585 2237 Nobis
2670 2130 3037 2214 oviculas
3114 2128 3272 2212 sub
3350 2132 3598 2211 unius
3661 2128 3817 2216 Pa-

433 2261 670 2343 storis
723 2258 920 2342 ovili
988 2258 1287 2364 jugiter
1355 2257 1965 2359 contineremus
2003 2313 2026 2356 ,
2094 2272 2177 2335 et
2244 2247 2556 2362 pabulo
2617 2249 2988 2332 salutaris
3033 2245 3485 2350 doctrinae
3532 2274 3829 2335 verae·'

431 2408 598 2494 que
649 2375 883 2460 Fidei
966 2376 1461 2461 incessanter
1510 2369 2089 2458 reficeremus&
2160 2370 2451 2482 majori
2503 2390 2777 2454 tamen
2833 2369 3084 2452 animi
3167 2367 3536 2480 impulsu
3614 2362 3824 2457 illuc·

432 2499 702 2607 urgeri
781 2493 1253 2597 credimus,
1319 2516 1745 2609 totamque
1821 2493 2118 2575 mentis
2199 2509 2519 2571 nostrae
2595 2491 2855 2573 aciem
2951 2485 3563 2574 admovendam
3639 2512 3828 2577 esse·

429 2620 968 2728 putavimus,
1037 2638 1133 2697 ut
1217 2612 1528 2699 haeresi
1610 2631 1733 2697 tot
1816 2605 2535 2693 Archidioeceseos
2634 2629 2956 2692 nostrae
3022 2608 3217 2694 locis
3314 2603 3816 2721 jamdudum

429 2734 714 2838 fatali,
780 2726 1162 2852 quaeque
1211 2765 1356 2845 per
1408 2728 1577 2814 duo
1629 2730 1948 2815 saecula
2001 2752 2084 2813 et
2134 2727 2345 2810 ultra
2384 2728 2719 2813 miseret
2763 2727 3262 2833 meminisse,
3318 2750 3482 2811 tam
3538 2726 3818 2814 nefan-

434 2853 543 2941 de
594 2860 676 2939 in
735 2856 1257 2939 Provinciam
1314 2876 1672 2936 nostram
1737 2849 2180 2952 incubuit,
2237 2868 2575 2961 tamque
2626 2848 2825 2931 altas
2875 2843 3162 2930 defixit
3212 2844 3525 2932 radices
3558 2912 3580 2955 ,
3632 2880 3819 2962 per-

432 2998 778 3085 petuum
858 2971 1411 3059 indiceremus
1482 2971 1796 3057 bellum
1850 3033 1876 3077 ,
1944 2991 2169 3053 certo
2236 2987 2759 3052 autumantes
2820 2968 3065 3051 exitio
3151 2970 3556 3079 proximos
3640 2966 3817 3056 fore

432 3095 845 3207 principes
898 3092 1078 3176 illos
1144 3095 1283 3207 qni
1342 3090 1814 3177 Haereticos
1863 3094 2206 3200 impune
2272 3086 2696 3192 tullerant,
2762 3109 2845 3172 et
2913 3086 3813 3198 causam·ReligioniS,

437 3243 654 3330 quae
703 3232 1128 3325 prorogata
1182 3212 1425 3294 sicuti
1507 3234 1625 3296 est
1694 3209 2225 3321 Reipublicae
2281 3205 2769 3313 vinculum,
2832 3210 2947 3291 ita
3001 3207 3376 3316 neglecta
3438 3208 3816 3323 ejusdem

434 3331 923 3434 dissolutio,
990 3362 1278 3444 parum
1351 3353 1646 3416 curant
1692 3393 1718 3435 ,
1788 3332 2118 3444 ratique·
2172 3326 2520 3412 tolerare
2569 3327 2927 3431 similes,
3014 3356 3185 3411 esse
3238 3328 3321 3411 in
3407 3332 3596 3413 sinu
3661 3361 3820 3414 an·-

434 3483 635 3561 gues
698 3447 1004 3536 fovere.
1052 3450 1529 3537 Connivere
1591 3478 1803 3553 vero,
1852 3479 1947 3534 ex
2033 3444 2355 3531 futurae
2424 3449 2982 3533 conversionis
3067 3475 3209 3560 spe
3246 3510 3270 3550 ,
3336 3475 3507 3533 esse
3559 3453 3821 3534 mani·

434 3572 642 3658 feste
712 3570 1342 3683 Rempublicam
1411 3593 1908 3676 concutere,
1975 3590 2057 3652 et
2142 3594 2687 3652 commovere.
2758 3562 3131 3651 Suadent
3205 3564 3408 3652 haec
3446 3571 3823 3681 priorum

434 3690 953 3778 saeculorum
1039 3711 1579 3776 monumenta
1618 3752 1641 3797 ,
1708 3688 2113 3775 docentur
2162 3714 2361 3771 vero
2424 3688 2862 3772 novissima
2898 3746 2924 3791 ,
2990 3716 3316 3771 causam
3370 3686 3821 3801 Religionis

434 3817 548 3899 ita
601 3841 773 3897 esse
857 3843 1049 3896 cum
1103 3811 1240 3898 illa
1293 3831 1546 3896 status
1599 3814 2126 3920 conjunctam
2162 3868 2185 3912 ,
2262 3824 2355 3890 ut
2413 3805 2554 3891 illa
2602 3806 2925 3892 turbata
2966 3869 2993 3909 ‚
3059 3826 3142 3891 et
3192 3803 3408 3893 hanc
3460 3810 3820 3915 turbari,

440 3956 524 4020 et
568 3933 874 4016 mutari
952 3930 1099 4018 fiat
1149 3961 1535 4033 necesse,
1598 3927 1889 4019 cadere
1938 3958 2136 4014 vero
2222 3925 2500 4037 Regna
2541 3989 2569 4030 ,
2634 3949 2718 4013 et
2765 3929 3259 4040 imperantes
3298 3990 3326 4031 ,
3390 3928 3537 4013 ubi
3605 3928 3826 4016 Reli-

442 4053 687 4158 gione
740 4050 876 4133 illa
928 4047 1008 4132 hi
1065 4082 1258 4153 cura
1316 4051 1534 4137 illius
1587 4047 1991 4136 deficiunt
2025 4111 2052 4152 ‚
2116 4048 2355 4131 traxit
2408 4076 2769 4165 namque
2854 4077 3176 4160 semper
3224 4068 3309 4129 et
3361 4046 3630 4133 trahet
3681 4048 3825 4134 ad-

441 4168 614 4280 huc
666 4166 1299 4277 Rempublicam
1351 4199 1631 4255 secum
1686 4169 2004 4280 Religio
2055 4165 2425 4276 neglecta
2476 4188 2619 4251 aut
2678 4166 3104 4280 prolapsa,
3174 4195 3327 4251 nec
3378 4173 3596 4256 enim
3650 4200 3824 4257 esse

440 4289 747 4403 poterit
815 4283 1040 4374 idem
1093 4283 1525 4373 coercendi
1593 4287 1873 4402 populi
1952 4285 2387 4389 fraenum,
2453 4284 2599 4369 ubi
2667 4314 2830 4370 non
2919 4307 3042 4371 est
3126 4282 3346 4370 idem
3429 4286 3825 4374 Numinis

440 4439 675 4494 amor
710 4469 735 4513 ,
791 4404 1013 4491 idem
1069 4430 1334 4492 metus
1372 4468 1395 4512 ,
1461 4403 1852 4522 idemque
1902 4406 2175 4492 cultus
2224 4405 2692 4492 libertatem
2748 4401 3140 4492 credendi
3182 4466 3206 4512 ,
3272 4406 3600 4494 licentia
3652 4440 3829 4495 mo·

439 4560 632 4615 rum
670 4590 693 4634 ,
764 4525 979 4612 hanc
1032 4529 1337 4613 civium
1391 4522 1797 4612 discordia
1851 4526 2434 4643 subsequente.

570 4648 853 4758 Quare
929 4643 1544 4763 ponderantes,
1623 4641 1849 4765 quod
1887 4710 1917 4752 ,
1984 4666 2067 4731 et
2130 4648 2192 4729 si
2260 4669 2679 4757 spectante
2754 4646 3092 4760 Europa
3159 4668 3328 4733 tota
3415 4647 3825 4738 indictum

451 4792 860 4856 certamen
902 4830 927 4874 ,
994 4771 1076 4854 in
1146 4770 1626 4855 comitatum
1678 4797 1762 4852 se
1825 4765 2408 4854 exhibentibus
2489 4770 2875 4854 coelitum
2945 4767 3322 4874 auxiliis,
3393 4772 3645 4882 pulsis
3708 4776 3829 4858 vi-

452 4890 659 4994 ginti
751 4912 834 4974 et
912 4890 1275 5000 amplius
1321 4888 1691 4973 millibus
1746 4884 2091 4973 Lutheri
2133 4947 2157 4988 ,
2225 4886 2744 5005 aliorumque
2796 4884 3546 4975 haeresiarcharum
3599 4914 3829 5004 peste

454 5007 699 5105 simul
732 5067 755 5111 ,
822 5029 905 5092 et
950 5009 1199 5091 exitio
1249 5007 1813 5093 involutorum
1844 5068 1868 5112 ,
1936 5002 2493 5124 adhibitisque
2544 5030 2667 5093 tot
2717 5006 2893 5091 aliis
2945 5008 3496 5121 oppugnanda
3548 5009 3831 5096 haere-

451 5125 514 5208 si
586 5126 1300 5238 opportunissimis
1352 5124 1784 5228 remediiS,
1853 5123 2262 5230 decretis,
2328 5127 3006 5245 inquisitionibus
3044 5189 3069 5235 ,
3136 5150 3219 5212 et
3268 5132 3513 5214 armis
3564 5193 3588 5236 ,
3672 5133 3829 5218 rite

449 5242 1039 5360 perfecerimus
1077 5303 1102 5349 ,
1152 5244 1577 5331 victoriam
1631 5244 2089 5332 subsecutis
2140 5246 2574 5358 auspiciis,
2628 5269 2708 5333 et
2756 5244 3010 5332 st'atus
3064 5250 3318 5334 nostri
3371 5251 3832 5336 incremen-

452 5368 601 5472 tis,
672 5387 943 5457 tamen
1009 5391 1223 5484 quae
1273 5358 1835 5482 undequaque
1886 5368 1970 5449 iu
2023 5364 2461 5454 Provincia
2543 5391 2814 5453 nostra
2899 5364 3299 5454 hactenus
3362 5392 3533 5455 erat
3584 5369 3833 5459 disse-

457 5489 768 5577 minata
846 5481 1257 5589 haeresis,
1326 5485 1724 5569 continuo
1792 5483 2350 5600 repullulare,
2417 5511 2501 5573 et
2576 5489 3012 5601 amputatis
3079 5488 3270 5574 licet
3346 5489 3752 5604 capitibus
3799 5554 3826 5598 ,

456 5637 712 5697 novas
777 5600 1230 5693 identidem
1307 5606 1522 5729 yires
1600 5634 2100 5695 reassumere
2149 5638 2294 5694 seu
2359 5630 2760 5711 attentet,
2823 5637 2966 5694 seu
3045 5611 3426 5697 certosit
3486 5634 3832 5701 attenta-
