4834 6409
3550 491 3719 576 325

383 625 662 691 certas.
689 610 1195 716 precationes
1246 607 1548 695 Abbas·
1578 610 2019 697 constituet
2057 610 2452 723 ‘privatim
2522 606 3005 696 recitandas.
3068 608 3385 696 Omnes
3433 628 3737 715 tamen,

382 725 525 837 qui
600 724 956 835 legitima
1027 755 1264 841 cau-sa
1316 724 1684 841 impediti
1760 762 1919 813 non
1998 752 2192 812 sunt
2241 790 2284 833 ,.
2346 722 2720 845 quotidie
2772 729 3103 819 divinae
3156 729 3578 841 Litnrgiae
3628 734 3754 815 in-

383 843 694 959 tersint.
753 842 905 927 111.
971 844 1411 963 Postquam
1468 840 1912 959 sui-officii
1980 850 2454 932 ministeriis
2503 846 3082 952 satisfecerint,
3134 850 3199 934 si
3250 846 3456 963 quid
3506 855 3751 935 vacui

384 965 770 1075 temporis
819 960 1392 1076 superfuerit,
1455 966 1541 1050 id
1608 991 1870 1053 totum
1939 971 2022 1050 in
2085 968 2279 1051 alias
2344 972 2958 1053 exercitationes
3022 968 3481 1079 spirituales
3520 1031 3543 1074 ‚
3618 996 3763 1057 aut

383 1078 840 1201 corporales
893 1081 1433 1199 impendant:
1500 1092 1847 1202 ejusque
1902 1090 2013 1171 rei
2097 1117 2336 1171 causa
2408 1087 2815 1171 Abbatem
2889 1086 3292 1190 adibunt,
3348 1109 3442 1170 ut
3506 1090 3759 1198 ipsius

383 1203 890 1309 ⁸voluntatem
968 1208 1423 1321 exquirant.
1482 1204 1621 1290 lv.
1693 1206 2455 1317 Carent-peculiari
2544 1206 2882 1312 stadie,
2948 1238 3133 1316 erga
3216 1238 3501 1292 omnes
3570 1208 3760 1292 Cle·

289 1406 300 1419 ,
385 1325 594 1408 ricos
629 1384 653 1426 ,
721 1345 800 1407 et
859 1327 1299 1435 praecipue
1349 1326 1431 1407 in
1487 1328 1732 1409 sacris
1786 1324 2248 1410 Ordinibus
2300 1330 2728 1415 existentes
2762 1391 2785 1434 ,
2853 1348 3370 1436 respectum,
3428 1326 3762 1411 humili-

384 1464 802 1559 tatemque
867 1440 1253 1547 exhibere
1291 1505 1315 1545 ,
1373 1440 1625 1561 idque
1679 1449 1933 1554 magis
1995 1475 2181 1556 erga
2239 1445 2838 1529 Sacerdotalem
2933 1443 3337 1529 Ordinem
3373 1509 3404 1548 ,
3465 1449 3764 1530 sciant·

385 1590 574 1676 que,
619 1559 843 1676 quod
896 1563 1208 1645 etiamsi
1263 1561 1598 1674 professi
1655 1568 1844 1667 sint,
1904 1571 1985 1648 in
2026 1568 2275 1649 sacris
2324 1587 2598 1648 tamen
2657 1563 3229 1649 functionibus
3278 1562 3569 1651 cedere
3620 1564 3761 1650 de-

383 1680 590 1766 bent
639 1681 988 1764 Clericis
1060 1682 1310 1767 etiam
1377 1681 1730 1766 Novitiis
1811 1683 2392 1767 Ecclesiastico
2444 1682 2731 1767 habitu
2801 1682 3137 1769 indutis.
3202 1683 3305 1767 V.
3375 1682 3593 1791 Quia
3649 1708 3763 1769 ta·

384 1830 575 1885 men
646 1796 924 1882 Patres
977 1801 1226 1903 nostri
1280 1824 1494 1885 statu
1552 1803 1841 1907 laicali,
1895 1807 2025 1888 vel
2078 1802 2543 1887 minoribus
2595 1802 3104 1906 Ordinibus,
3170 1827 3311 1888 aut
3356 1802 3762 1888 Diacona·

386 1936 479 2021 tu
537 1914 853 2003 tantum
922 1922 1286 2002 contenti
1329 1982 1353 2023 ,
1417 1920 1605 2035 Deo
1655 1925 2054 2031 serviisse,
2108 1922 2706 2037 Fratribusque
2757 1920 3203 2034 praefuisse
3256 1946 3766 2027 noscuntur,

387 2030 580 2125 ideo
642 2036 1096 2125 Monachus
1151 2032 1501 2144 Laicos,
1554 2043 1686 2126 vel
1739 2041 2108 2127 Clericos
2157 2104 2180 2146 ,
2251 2063 2395 2124 aut
2444 2039 2861 2125 Diaconos
2911 2045 3247 2127 scientia
3318 2039 3765 2126 sufficienti

393 2152 860 2273 praeditOS,
926 2181 1007 2240 et
1061 2159 1431 2267 regimini
1487 2157 1883 2265 idoneos,
1953 2192 2117 2247 uon
2186 2163 2530 2244 omnino
2593 2161 2696 2244 ab
2765 2158 3060 2273 officiis
3136 2165 3381 2245 etiam
3434 2154 3774 2271 insigni-

388 2275 550 2359 bus
602 2271 1112 2361 excludimus
1144 2339 1172 2383 ,
1232 2276 1373 2361 sed
1433 2311 1663 2393 posse
1715 2313 1854 2365 eos
1909 2303 2075 2367 tam
2126 2280 2233 2364 ab
2288 2279 2615 2364 Abbate
2678 2279 3112 2381 Generali,
3164 2303 3247 2364 et
3299 2279 3769 2390 Congt·ega··

397 2398 620 2479 tione
683 2394 1360 2503 Hegumenorum
1403 2462 1427 2503 ,
1517 2432 1766 2517 quam
1831 2401 1935 2484 ab
2014 2399 2343 2483 Abbate
2380 2459 2402 2502 ,
2473 2422 2556 2483 et
2604 2396 3265 2507 Congregatione
3316 2398 3769 2485 Monachus,

397 2544 609 2619 rum,
677 2538 924 2630 atque
976 2518 1218 2599 etiam
1291 2551 1334 2601 a
1387 2518 2045 2628 Congregatione
2097 2517 2485 2602 Generali
2551 2519 2741 2627 eligi
2793 2521 2877 2601 in
2944 2518 3534 2626 Hegnmenos,
3603 2518 3770 2602 Oe-

313 2657 329 2672 ·
400 2663 845 2741 conomOS,
902 2634 1534 2739 Procuratores,
1599 2663 1680 2722 et
1756 2636 2289 2723 Consultores
2326 2700 2349 2741 ,
2417 2660 2502 2722 et
2550 2635 2654 2719 ad
2719 2638 2910 2721 alias
2961 2637 3266 2721 similes
3326 2634 3766 2745 dignitates

395 2759 855 2865 promoveri
911 2751 1419 2840 declaramus
1470 2791 1494 2863 3
1559 2757 1713 2841 hac
1793 2778 2060 2841 tamen
2143 2755 2359 2841 salva
2427 2754 2959 2860 conditione,
3032 2778 3128 2841 ut
3186 2787 3612 2872 nunquam
3676 2758 3765 2838 in

397 2870 818 2956 Abbatem
897 2870 1391 2960 Generalem
1427 2941 1457 2979 ,
1510 2900 1650 2959 aut
1702 2874 2114 2977 Abbatem
2173 2874 2711 2978 Provinciae,
2778 2876 2950 2960 sive
3017 2877 3489 2961 Monasterii
3526 2940 3556 2979 ,
3619 2876 3767 2991 qui

404 2989 880 3077 Sacerdotes
931 2992 1463 3078 esse'debent
1499 3058 1524 3101 ,
1575 2997 2004 3104 eligantur.
2048 2995 2222 3101 Qui
2285 3019 2560 3079 autem
2613 3025 2713 3079 eo
2747 3058 2772 3098 ,
2829 3025 3076 3109 quem
3131 2991 3537 3097 diximus,
3591 3025 3767 3077 mo-

401 3109 514 3194 do
549 3111 858 3193 electus
908 3108 1155 3193 fuerit
1209 3113 1791 3224 Hegumenus,
1819 3114 2221 3235 intelliget
2271 3115 2424 3196 sibi
2478 3115 2834 3225 primum
2891 3136 3072 3225 post
3121 3110 3600 3198 Sacerdotes
3653 3113 3769 3196 lo-

405 3258 599 3317 cum
651 3232 1092 3317 convenire
1143 3255 1362 3318 extra
1415 3232 2134 3344 Congregationes,
2167 3237 2264 3315 in.
2303 3232 3104 3342 Congregationibus
3141 3263 3337 3317 vero
3385 3254 3569 3345 post
3604 3233 3774 3316 He-

404 3380 801 3459 gumenos
881 3349 1421 3457 Sacerdotes,
1485 3377 1569 3437 et
1637 3379 1826 3438 ante
1877 3383 2160 3436 omnes
2211 3352 2407 3436 alios
2476 3355 2723 3435 etiam
2768 3348 3324 3436 sacerdotes:
3394 3351 3543 3434 VI.
3611 3350 3775 3436 Ca-

343 3503 354 3511 ·
405 3492 650 3555 veant
713 3467 1101 3553 Monachi
1171 3473 1383 3577 laici,
1437 3505 1541 3556 ne
1591 3471 1796 3591 quid
1852 3472 2001 3555 sibi
2070 3475 2451 3583 capiant,
2503 3493 2642 3555 ant
2690 3471 2867 3556 aliis
2920 3469 3147 3574 dent,-
3204 3469 3765 3572 commodent,

407 3591 739 3672 mittant
772 3650 796 3691 ,
850 3611 994 3672 aut
1044 3589 1498 3709 quidquam
1554 3588 2026 3706 hujusmodi
2091 3588 2394 3675 faciant
2433 3590 2741 3709 absque
2794 3621 3161 3702 expressa
3217 3591 3544 3674 licentia
3595 3591 3774 3672 Ab·

405 3708 682 3809 batis,
733 3730 876 3792 aut
924 3713 1099 3821 ejus
1135 3772 1162 3814 ,
1224 3713 1364 3826 qui
1420 3715 1642 3821 operi
1687 3706 2049 3824 praeest.
2101 3708 2296 3793 VII.
2367 3707 2718 3793 Librum
2786 3709 3109 3796 nullum
3186 3710 3576 3811 retinere,
3630 3731 3773 3793 aut
3896 3755 3904 3761 ·

409 3828 675 3936 legere
729 3830 824 3910 iis
876 3827 1157 3913 licebit
1206 3834 1380 3915 sine
1433 3831 1783 3916 Abbatis
1833 3831 2189 3932 licentia,
2241 3833 2480 3943 cnjus
2531 3827 3020 3942 prudentiae
3070 3830 3226 3911 erit
3261 3858 3396 3913 eos
3447 3829 3606 3911 illis
3654 3827 3770 3911 le-

411 3944 720 4144 gendois
770 3949 1173 4056 assignare
1209 4013 1234 4056 ,
1287 3951 1432 4067 qui
1485 3956 1734 4062 magis
1785 3946 1889 4037 ad
1941 3949 2449 4062 spiritualem
2499 3952 2863 4061 ipsorum
2914 3942 3373 4061 profectum
3440 3943 3764 4060 expedi-

415 4095 503 4149 re
554 4065 632 4149 vi
700 4063 1087 4150 ebuntur.

1766 4150 2424 4271 CAP'vn.

1075 4421 1213 4506 De
1262 4421 1550 4507 ordine
1599 4420 2046 4509 'domestico
2066 4487 2088 4530 ,
2126 4445 2220 4527 et⁶
2253 4421 2355 4506 de
2403 4424 2829 4507 honestate
2874 4442 3131 4508 extra

773 4634 780 4641 ,
1554 4542 2181 4631 Monaslerium
2228 4542 2658 4661 set-qando.

755 4686 809 4721 N

545 4787 607 4870 Ι.
671 4781 773 4871 In
826 4816 1331 4907 unoquoque
1380 4785 1881 4869 Monasterio
1944 4779 2414 4869 distributio
2478 4780 2870 4868 horarum
2949 4783 3031 4863 in
3107 4782 3398 4869 tabella
3477 4784 3779 4873 descri-

423 4908 668 4992 batur
707 4969 732 5012 ,
785 4929 868 4992 et
913 4909 996 4990 in
1053 4908 1232 5005 loco
1282 4928 1614 5020 patente
1660 4926 2039 5016 ponatur,
2105 4907 2187 4988 in
2243 4933 2405 5017 qua
2454 4900 2909 4989 secundum
2977 4905 3168 4985 anni
3238 4927 3601 5018 tempora
3656 4904 3780 4993 di·

422 5026 769 5134 ligenter
841 5048 1230 5111 notentur
1296 5024 1543 5109 horae
1613 5022 1928 5128 Chori,
1995 5021 2201 5109 idest
2243 5021 2802 5135 Vesperarum
2841 5084 2867 5129 ,
2935 5015 3474 5135 Completorii
3514 5088 3544 5126 ,
3606 5026 3779 5110 No-

421 5148 693 5229 cturni
741 5207 764 5250 ,
809 5142 1203 5229 Matutini
1268 5175 1460 5229 cum
1515 5142 1800 5228 >Tertia
1842 5206 1868 5248 ,
1919 5167 2002 5229 et
2051 5143 2339 5227 Sextae
2388 5165 2639 5258 atque
2712 5141 3065 5251 Nonae3
3117 5143 3308 5227 item
3365 5142 3593 5228 Hora
3644 5145 3787 5229 Li-

423 5268 875 5375 turgiarum
937 5265 1435 5378 privatarum
1493 5325 1517 5368 ,
1593 5285 1681 5347 et
1729 5260 2253 5349 solemnium.
2310 5259 2521 5347 Item
2576 5259 2769 5346 hora
2819 5259 3205 5375 prandii,
3283 5283 3367 5348 et
3416 5293 3767 5349 coenae:

426 5386 791 5501 denique
839 5381 1035 5468 hora
1088 5385 1354 5497 operis
1403 5412 1800 5468 manuum
1839 5444 1870 5486 ,
1918 5411 2066 5466 seu
2137 5380 2809 5485 ministeriorum,
2858 5400 3002 5465 aut
3048 5376 3299 5463 studii
3334 5440 3361 5487 ,
3414 5405 3498 5467 et
3545 5380 3776 5487 hora,

426 5540 588 5624 qua
640 5507 961 5595 Fratres
1008 5504 1384 5591 cubitum
1437 5523 1642 5589 eunt
1675 5564 1699 5606 ,
1767 5529 2026 5618 usque
2075 5497 2181 5586 ad
2229 5504 2551 5610 signum
2584 5563 2611 5606 ,
2675 5530 2844 5616 quo
2908 5501 3384 5584 excitantur.
3476 5501 3585 5586 1-1.
3638 5503 3778 5587 Ab

430 5631 757 5718 Abbate
818 5630 1364 5718 constituatur
1442 5617 1961 5729 Monachus,
2023 5621 2196 5713 sive
2245 5621 2625 5707 Vicarius
2660 5683 2683 5728 ,
2737 5624 2908 5710 sive
2958 5620 3165 5707 alius
3215 5622 3702 5741 quicunque
3752 5688 3782 5727 ,
