4834 6409
2314 488 2319 497 -
3676 425 3845 517 235

471 558 682 649 senti
732 573 1087 645 utuntur
1122 613 1149 660 ,
1210 547 1612 637 fruuntur
1656 557 1688 652 ζ
1748 546 2192 665 potiuntur
2223 550 2256 657 ,‘
2301 543 2387 637 et
2435 540 2803 662 gaudent
2828 607 2860 650 ,
2922 574 3021 634 ac
3069 544 3190 633 uti
3226 608 3250 647 ,
3306 539 3527 655 frui,
3556 553 3851 665 potiri,

468 703 554 768 et
602 675 962 792 gaudere
1014 675 1273 760 libere
1308 736 1335 778 ,
1373 695 1455 758 et
1507 672 1731 758 licite
1777 671 2133 787 possint,
2186 693 2269 758 et
2312 671 2649 759 valeant
2695 671 2782 753 in
2838 668 3230 763 omnibus
3259 730 3284 772 ,
3352 691 3438 757 et
3482 698 3631 786 per
3678 702 3858 758 om·

468 805 605 887 nia
645 784 693 908 ,¹
736 791 1083 913 perinde
1132 826 1228 882 ac
1290 797 1356 880 si
1407 791 1830 909 privilegia
1869 838 1907 897 ,·
1959 794 2614 905 praerogativae,
2679 785 3166 896 facultates,
3233 787 3607 897 favores,
3676 821 3857 904 gra·

331 981 339 991 -
467 923 633 1007 tiae
683 981 708 1026 ,
777 914 1354 1025 Indulgentiae
1400 973 1425 1020 ,
1491 914 2258 1026 exemptiones3-et
2306 909 2629 998 indulta
2693 907 3177 1027 hujusmodi
3239 910 3431 1024 ipsis
3483 912 3856 1027 Congre-

473 1040 778 1151 gationi
819 1099 843 1144 ,
895 1057 981 1122 et
1029 1035 1401 1147 Collegio
1453 1031 1747 1119 Sacrae
1798 1029 2194 1118 Familiae
2240 1030 2443 1119 Jesu
2491 1029 2848 1136 Christi,
2885 1061 3350 1147 eorumque
3395 1032 3851 1143 Ecclesiae,

464 1159 1017 1273 presbyteris,
1083 1156 1440 1241 alumnis
1489 1215 1515 1259 ,
1604 1152 2295 1258 convictoribus,
2360 1176 2444 1240 et
2492 1152 2860 1266 personis
2936 1152 3400 1265 specialiter
3461 1184 3848 1251 concessa

474 1283 1029 1391 reperirentur
1065 1337 1088 1379 ,
1156 1278 1334 1359 siue
1382 1269 1894 1388 praejudicio
1945 1258 2221 1358 tamen
2275 1274 2716 1384 gratiarum
2749 1335 2779 1375 ,
2832 1269 3345 1373 indultorum
3396 1336 3421 1379 ,
3486 1298 3571 1360 et
3603 1277 3854 1391 privi-

472 1400 871 1510 legiorum
928 1393 1216 1481 iisdem
1272 1428 1315 1479 a
1369 1395 1631 1478 Nobis
1681 1391 1878 1478 alias
1931 1420 2530 1491 concessorum,
2562 1393 3033 1506 Apostolica
3087 1398 3570 1481 auctoritate
3619 1417 3855 1482 teno-

465 1549 555 1604 re
608 1518 1164 1632 praesentium
1217 1512 1817 1619 concedimus,
1884 1536 1965 1598 et
2027 1513 2581 1625 indulgemus.
2658 1511 2960 1621 Quoad
3015 1509 3585 1623 Indulgentias
3645 1546 3843 1602 vero

466 1635 894 1725 Ecclesiae
926 1699 950 1741 ,
1015 1660 1099 1721 et
1148 1639 1232 1721 in
1274 1667 1378 1721 ca
1430 1636 1605 1719 sitis
1670 1628 2093 1718 Altaribus
2141 1633 2822 1745 Congregationis
2859 1697 2883 1739 ,
2920 1658 3004 1718 et
3049 1632 3398 1744 Collegii
3456 1635 3852 1723 Familiae

468 1758 657 1846 Iesu
710 1756 1022 1842 Christi
1074 1753 1627 1871 praefatorum
1681 1784 1816 1840 eas
1867 1784 2202 1859 omnes,
2242 1779 2327 1841 et
2373 1755 2734 1864 singulas
2765 1818 2789 1858 ,
2844 1786 3058 1871 quae
3110 1753 3533 1842 Ecclesiae
3568 1819 3591 1862 ,
3631 1760 3850 1872 ejus—

467 1901 633 1997 que
686 1880 1139 1991 respective
1188 1876 1620 1960 Altaribus
1688 1875 2040 1962 Sanctae
2110 1876 2420 1963 Mariae
2484 1873 2590 1960 acl
2674 1875 3080 1987 Martyres
3126 1939 3155 1979 ,
3191 1871 3418 1958 della
3467 1878 3847 1963 Rotonda

468 2000 725 2110 vulgo
774 1997 1070 2104 dictae,
1122 1994 1228 2084 de
1276 1995 1516 2083 Urbe
1564 2025 1715 2110 per
1766 1996 2178 2081 Romanos
2230 1992 2676 2081 Pontifices
2738 1994 3412 2083 Praedecessores
3465 2020 3784 2084 nostros
3818 2064 3842 2107 ,

464 2150 787 2236 nosque
822 2122 1053 2232 ipsos,
1089 2116 1489 2203 hactenus
1540 2132 1973 2203 concessae
2026 2120 2554 2230 reperiuntur
2589 2178 2612 2221 ‚
2647 2140 2787 2201 aut
2838 2148 3042 2237 quas
3093 2119 3177 2203 in
3218 2111 3599 2233 futurum
3650 2150 3846 2206 con-

468 2236 882 2326 cedendas
935 2269 1117 2324 esse·
1158 2238 1633 2349 eontigerit,
1703 2268 1893 2324 cum
1961 2268 2133 2322 uno
2184 2236 2608 2323 dumtaxat
2655 2237 2917 2323 Altari
2983 2237 3499 2351 privilegiato
3558 2243 3846 2359 quoti-

463 2358 720 2445 diano
770 2384 1168 2473 perpetuo
1205 2420 1229 2464 ,
1297 2359 1544 2444 etiam
1594 2390 1744 2472 per
1806 2355 2153 2443 modum
2200 2359 2853 2478 aggregationis,
2918 2381 3001 2447 et
3084 2361 3260 2445 sine
3311 2354 3844 2481 quacumque

459 2478 1013 2594 dependentia
1071 2476 1608 2565 concedimus
1645 2542 1669 2581 ,
1724 2502 1811 2564 et
1861 2479 2333 2589 elargimur.

577 2599 643 2699 S.
697 2603 779 2685 3.
837 2599 1401 2686 Decernentes
1452 2595 1778 2693 easdem
1834 2622 2300 2712 praesentes
2352 2598 2623 2683 literas
2661 2662 2690 2701 ,
2744 2629 3068 2714 semper
3116 2599 3392 2689 firmas
3429 2665 3452 2707 ,
3502 2602 3842 2712 validas,

460 2742 545 2806 et
590 2717 970 2808 efficaces
1017 2722 1385 2823 existere,
1426 2740 1511 2803 et
1560 2714 1760 2824 sore,
1814 2746 2196 2836 suosque,
2233 2719 2642 2835 plenarios
2659 2784 2686 2823 ,
2737 2742 2821 2805 ct
2870 2723 3228 2833 integros
3290 2720 3635 2811 effectus
3683 2756 3851 2827 sor·

461 2844 656 2947 tiri,
724 2840 1235 2927 et'obtinere
1264 2904 1294 2942 ,
1357 2869 1453 2923 ac
1504 2836 1665 2923 illis
1699 2902 1723 2945 ,
1806 2837 1906 2924 ad
1960 2868 2167 2957 quos
2218 2861 2547 2954 spectat·
2585 2903 2607 2945 ,
2674 2864 2759 2926 et
2804 2870 2956 2954 pro
3021 2865 3388 2958 tempore
3470 2845 3848 2963 quando-

465 2991 831 3077 cumque
881 2962 1341 3072 spectabit,
1395 2962 1479 3044 in
1533 2959 1921 3045 omnibus
1962 3023 1987 3066 ,
2052 2982 2134 3046 et
2182 2990 2328 3075 per
2378 2964 2656 3045 omnia
2705 2961 3179 3074 plenissime
3225 2962 3651 3077 suffragari
3681 3032 3708 3075 ,
3764 2992 3850 3056 et

468 3078 757 3165 abeis
843 3083 1292 3192 respective
1370 3080 1971 3167 inviolabiliter·
2040 3081 2519 3191 observari3
2614 3083 2921 3198 Sicque
3010 3086 3092 3168 in
3158 3088 3620 3199 praemissis
3693 3120 3845 3205 per

461 3214 1034 3317 quoscumque
1082 3198 1426 3285 Judices
1476 3196 1962 3285 Ordinarios
1999 3264 2027 3304 ,
2091 3223 2177 3286 et
2224 3197 2639 3312 delegatos
2726 3205 2970 3289 etiam
3051 3235 3483 3293 causarum
3550 3207 3845 3296 Palatii
3973 3265 3986 3271 -

464 3319 923 3435 Apostolici
976 3317 1420 3406 Auditores
1469 3317 1871 3433 judicari,
1925 3342 2024 3406 ‘et
2070 3317 2400 3405 definiri
2465 3319 2772 3409 debere
2807 3386 2831 3430 ,
2885 3322 2980 3408 ac
3030 3328 3410 3434 irritum,
3463 3350 3548 3413 et
3598 3332 3845 3420 inane

458 3445 524 3525 si
576 3471 810 3527 secus
861 3472 1106 3557 super
1155 3436 1286 3525 his
1336 3475 1380 3526 a
1432 3470 1857 3558 quoquam
1910 3443 2199 3558 quavis
2250 3444 2733 3533 auctoritate
2780 3447 3140 3532 scienter
3174 3511 3197 3554 ,
3261 3448 3398 3536 vel
3463 3452 3843 3561 ignoran-

454 3584 581 3647 ter
632 3563 1069 3674 contigerit
1118 3564 1524 3648 attentari.
1605 3564 1613 3572 ’
2427 3616 2440 3625 -
2629 3597 2638 3607 ·
2761 3558 2766 3567 ’
3773 3614 3786 3629 ›

576 3685 645 3781 S.
685 3687 765 3789 4.
820 3682 1011 3768 Non
1064 3683 1585 3769 obstantibus
1624 3704 2016 3788 nostrae,
2052 3704 2136 3769 et
2183 3682 2747 3771 Cancellariae
2799 3687 3322 3800 Apostolicae
3368 3688 3682 3802 Regula
3733 3693 3842 3783 de
3957 3707 4228 3777 Obstan-

455 3834 629 3889 non
686 3800 1245 3890 concedendis
1297 3800 1850 3915 Indulgentiis
1921 3803 2029 3890 ad
2078 3806 2331 3890 instar
2368 3869 2394 3910 ,
2462 3805 2804 3925 aliisque
2884 3807 3642 3899 Constitutionibus
3669 3880 3702 3924 ,
3757 3838 3842 3904 et
3862 3799 4191 3912 tium-de-

460 3921 1160 4010 ordinationibus
1211 3925 1731 4039 Apostolicis.
1800 3923 2134 4033 Quibus
2185 3927 2627 4032 omnibus,
2694 3947 2780 4014 et
2827 3928 3168 4041 singulis
3219 3930 3552 4017 illorum
3602 3954 3836 4023 teno·'
3866 3910 4126 3981 r⁰gm⁰'

460 4072 644 4148 res,
711 4045 1279 4157 praesentibus
1362 4076 1512 4158 pro
1562 4047 1859 4160 plene,
1904 4067 2010 4131 et
2087 4042 2596 4167 sufficienter
2644 4053 3088 4160 expressis,
3151 4073 3238 4135 et
3311 4053 3633 4139 insertis
3697 4056 3840 4145 ha-

458 4163 753 4247 bentes
802 4163 963 4247 illis
1014 4164 1210 4248 alias
1255 4167 1340 4248 in
1394 4195 1547 4249 suo
1598 4166 1895 4251 robore
1972 4172 2530 4279 permansuris
2582 4165 2687 4252 ad
2748 4171 3379 4283 praemissorum
3442 4171 3838 4265 effectum

460 4279 618 4366 hac
666 4283 849 4368 vice
899 4281 1323 4370 dumtaxat
1372 4280 1883 4399 specialiter,
1947 4308 2033 4371 et
2079 4317 2451 4402 expresse
2498 4286 3042 4401 derogamus,
3135 4295 3593 4413 ceterisque
3643 4328 3838 4389 eon-

462 4402 731 4486 trariis
780 4404 1474 4523 quibuscumque.

581 4520 899 4607 Datum
953 4524 1260 4611 Romae
1307 4524 1529 4642 apud
1580 4525 1663 4611 S.
1719 4523 2069 4613 Mariam
2118 4524 2524 4642 Majorem
2575 4531 2737 4617 sub
2799 4533 3146 4619 Annulo
3196 4533 3629 4629 Piscatoris
3698 4536 3834 4628 die

470 4644 598 4751 14.
655 4642 932 4731 Martii
992 4644 1241 4761 1738.
1295 4647 1534 4735 Pont.
1585 4644 1868 4735 Nostri
1920 4677 2139 4734 anno
2184 4646 2503 4740 octat'w.
2801 4659 2806 4665 “
