4834 6409
3015 548 3024 560 -
3633 487 3738 574 31

468 623 535 723 ς.
601 621 685 706 3.
750 617 981 703 Hinc
1043 612 1513 728 adspirante
1558 611 1932 699 Domino
1966 674 1991 720 ‚
2043 614 2396 730 ejusque
2444 587 2982 721 caelesti’opc
3031 605 3390 715 confisi,
3439 607 3746 697 sal-uta·
3781 613 4122 724 nonnul-tq
4172 597 4175 601 “

363 776 467 835 re
511 741 719 872 opus
779 736 1077 826 sedulo
1105 798 1137 843 ,
1200 734 1805 855 diligenterque
1837 799 1867 838 ‚
1905 771 1917 786 ·
1949 757 2042 821 ut
2097 734 2210 819 rei
2260 726 2755 840 magnitudo
2800 728 3270 843 postulabat
3303 794 3340 834 ,
3371 734 3748 842 ‘aggressi
3774 717 3866 862 {¹3⁰
3888 704 4145 865 ἓξὲξ

376 871 728 969 snmus,-
796 859 1337 975 ac'²plurimas
1387 888 1503 944 ex·
1545 852 1974 971 praedicto
2052 853 2266 939 libro
2301 914 2327 957 ‚
2414 856 2640 974 juxta
2685 882 2934 965 supra
2987 853 3428 938 recensitas
3477 884 3749 966 respe-
3777 887 3947 956 mine
3995 914 4090 958 se-

372 986 594 1073 ctive
644 980 1049 1071 editiones
1094 1009 1137 1085 ‚·
1184 974 1556 1064 fideliter·
1580 1000 1990 1063 extractas
2019 1038 2044 1082 ‚
2110 998 2197 1060 et
2280 989 2480 1059 tu‘m·
2521 972 2819 1083 gallico
2852 1035 2880 1078 ,
2948 994 3124 1057 tum
3219 972 3476 1059 latino
3539 972 3746 1061 idio·
3776 982 4110 1091 quentium

363 1085 1043 1218 mate'expressas
1097 1101 1690 1215 propositiones
1738 1132 1799 1185 a*
1836 1095 2408 1213 compluribus
2485 1096 2572 1179 in
2628 1094 2871 1178 Sacra
2951 1092 3404 1205 Theologia
3486 1095 3748 1209 Magi·
3770 1098 4130 1234 gzffissp'

366 1228 613 1330 stris,·
674 1224 941 1338 primo
987 1218 1335 1339 q'uidem
1417 1233 1722 1306 coram²
1756 1216 2088 1305 duobus
2139 1247 2236 1303 ex
2271 1214 2917 1301 venerabilibus
2966 1213 3392 1300 Fratribus
3433 1221 3760 1306 nostris
4024 1216 4041 1230 ⁹

371 1346 450 1431 S.
493 1344 720 1427 RE.
776 1340 1363 1428 Ca'rdin'alibus
1415 1357 1819 1426 accurate
1854 1339 2205 1444 discuti,
2244 1331 2576 1422 deindee
2603 1359 2803 1421 vero
2855 1365 3132 1420 coram
3172 1335 3476 1441 nobis,·
3518 1337 3752 1426 adhi-

365 1465 544 1551 bito
594 1467 845 1551 etiam
913 1464 1264 1548 aliorum
1313 1462 1681 1577 plurium
1735 1460 2311 1548 Cardinalium
2383 1458 2781 1565 consiliu,
2849 1487 3104 1573 quam
3156 1459 3520 1542 maxima.
3549 1457 3747 1546 dili·

363 1590 637 1697 gentia
668 1650 700 1690 ,
733 1617 827 1670 ac
877 1586 1409 1688 maturitate5
1474 1583 1989 1694 singularum
2028 1583 2378 1693 insuper
2430 1581 3088 1692 propositionum
3141 1607 3336 1661 cum
3400 1579 3749 1693 ipsomet

364 1706 561 1790 libri
623 1727 845 1791 textu
899 1706 1405 1791 exactissime
1462 1700 1676 1788 facta
1727 1704 2165 1790 collatione
2198 1762 2223 1806 ‚
2295 1699 2606 1813 pluries
2651 1702 3001 1786 'iteratis
3055 1694 3739 1809 Congregationi-

363 1825 578 1933 bus,
650 1823 1056 1938 expendi,
1120 1849 1203 1911 et
1265 1825 1708 1911 examinari
1791 1820 2400 1909 mandavimus.
2468 1816 2979 1936 Huiusmodi
3058 1840 3338 1907 autem
3385 1824 3752 1937 proposi·

371 1949 638 2034 tiones
686 1969 933 2052 sunt,
997 1977 1212 2063 quae
1264 1967 1729 2062 sequuntur
1762 2006 1795 2046 ,
1837 1941 2290 2030 videlicet:
2829 1952 2837 1960 '
3890 2044 3907 2062 ·

502 2101 570 2154 1.
646 2066 881 2175 Quid
933 2063 1160 2151 aliud
1223 2086 1594 2151 remanet
1641 2067 1960 2152 animae
1995 2129 2026 2170 ‚
2105 2094 2321 2183 quae
2382 2062 2666 2157 Deum
2701 2109 2750 2170 ‚·
2787 2087 3040 2182 atque
3089 2062 3350 2175 ipsi-us
3406 2043 4146 2205 gratiamfflffigm·

372 2188 646 2273 amisit
707 2190 859 2272 nisi
914 2208 1411 2301 peccatum,
1444 2208 1559 2271 et
1591 2188 1909 2301 peccati
1960 2185 2639 2291 consecutiones,
2693 2187 3060 2302 superba
3114 2206 3550 2297 paupertas
3587 2247 3611 2291 ,
3663 2208 3751 2273 et
3773 2161 3956 2298 {zm

370 2311 639 2417 segnis
704 2306 1158 2418 indigentia
1194 2370 1222 2414 ,
1288 2304 1445 2392 hoc
1507 2329 1633 2392 est
1679 2309 2084 2417 generalis
2130 2309 2616 2419 impotentia
2667 2302 2774 2392 ad
2825 2306 3191 2393 laborem
3223 2365 3254 2409 ,
3300 2299 3407 2387 ad
3458 2308 3755 2393 oratio·

370 2457 567 2515 nem
602 2489 629 2535 ,
682 2452 765 2514 et
814 2425 916 2512 ad
966 2447 1212 2513 omne
1263 2457 1475 2542 opus
1520 2427 1842 2512 bonum
1877 2431 1919 2513 Ξ)
2200 2467 2205 2473 ·
2597 2461 2650 2500 ··

408 2571 415 2580 ·
505 2581 584 2633 a.
651 2548 846 2634 Jesu
899 2545 1211 2633 Christi
1260 2551 1580 2660 gratia,
1643 2548 2149 2661 principium
2215 2546 2512 2636 efficax
2574 2548 2780 2653 boni
2832 2549 3444 2663 cujuscumque
3506 2576 3755 2657 gene·

368 2670 536 2773 ris,
604 2672 1052 2756 necessaria
1142 2693 1269 2755 est
1334 2665 1440 2753 ad
1508 2698 1756 2752 omne
1809 2696 2019 2782 opus
2082 2663 2461 2753 bonum:
2532 2669 2846 2785 absque
2928 2667 3069 2752 illa
3117 2726 3148 2769 ‚
3238 2697 3414 2749 non
3481 2667 3754 2755 solum

368 2787 578 2874 nihil
618 2788 769 2896 fit,
820 2787 979 2875 sed*
1020 2820 1172 2876 nec
1223 2785 1400 2874 fieri
1450 2810 1744 2903 potest.
2591 2783 2602 2794 ’

398 2941 411 2954 ·
490 2910 571 2994 3.
643 2910 741 2993 In
796 2940 1104 2997 vanum
1171 2908 1536 2995 Domine
1589 2909 2058 3024 praecipis,
2125 2911 2189 2993 si
2243 2933 2337 2995 tu
2388 2912 2568 3026 ipse
2608 2938 2778 2993 non
2830 2903 2978 2990 das
3023 2899 3256 3023 quod
3317 2905 3760 3020 praecipis.

493 3034 575 3135 4.
643 3029 769 3113 Ita
833 3029 1256 3115 Domine:
1324 3032 1602 3113 omnia
1679 3029 2098 3143 possibilia
2159 3054 2356 3118 sunt
2417 3034 2495 3119 ei
2531 3092 2562 3136 ,
2622 3030 2758 3146 cui
2808 3026 3087 3112 omnia
3131 3027 3570 3140 'possibilia
3632 3023 3750 3113 fa·

371 3143 493 3227 cis
527 3208 552 3250 ‚
606 3146 894 3231 eadem
958 3145 1376 3262 operando
1427 3150 1514 3233 in
1590 3148 1761 3232 illo·
2617 3195 2624 3202 ·
3233 3189 3240 3198 ·

499 3264 579 3350 5·
651 3264 1014 3375 Quando
1074 3267 1305 3353 Deus
1356 3297 1523 3352 non
1574 3270 1893 3355 emollit
1939 3301 2080 3357 cor
2134 3302 2282 3386 per
2350 3272 2828 3359 interiorem
2895 3268 3379 3353 unctionem
3443 3271 3760 3379 gratiae

374 3415 566 3472 suae
595 3450 623 3493 ‚
674 3386 1277 3473 exhortationes
1308 3450 1345 3490 ,
1393 3411 1476 3475 et
1519 3393 1831 3500 gratiae
1877 3391 2304 3479 interiores
2357 3403 2526 3479 non
2561 3390 3046 3476 inserviunt
3076 3450 3106 3495 ‚
3167 3391 3322 3510 nisi
3373 3388 3475 3474 ad
3531 3389 3750 3477 illud
3835 3462 3860 3482 ,

373 3509 632 3619 magis
683 3505 1305 3594 obdurandum.
2477 3549 2486 3560 ·
3509 3583 3518 3590 .

494 3631 601 3713 6.·
643 3627 1107 3715 Discrimen
1184 3631 1400 3715 inter
1446 3626 1751 3717 foedus‘
1820 3626 2305 3744 judaicum,
2383 3655 2468 3719 et
2523 3630 3091 3719 'christianum
3152 3654 3328 3716 est:
3381 3631 3612 3764 quod
3663 3635 3755 3719 in

375 3742 522 3831 illo
579 3745 815 3833 Deus
879 3752 1128 3858 exigit
1174 3745 1455 3862 fugam
1538 3753 1859 3865 peccati
1892 3813 1918 3858 ,
2005 3775 2089 3838 et
2137 3753 2774 3869 implementum
2833 3752 3086 3861 legis·
3132 3784 3198 3837 a
3261 3778 3756 3867 peccatore,

304 3959 316 3970 .
373 3866 931 3985 relinquendo
976 3869 1215 3955 illum
1264 3877 1353 3956 in
1403 3873 2080 3987 sua-impotentia
2132 3909 2157 3984 3
2221 3876 2305 3959 in
2359 3878 2515 3960 isto
2559 3905 2761 3966 vero
2808 3873 3044 3959 Deus
3116 3878 3527 3989 peccatori
3581 3872 3758 3984 dat,

366 3985 605 4102 ‘quod
651 3988 894 4104 jubet
923 4053 956 4094 ,
1004 3990 1245 4075 illum
1284 4021 1436 4077 sua
1488 3995 1739 4103 gratia
1793 3989 2342 4109 purificando.
3126 4033 3132 4040 ·

400 4107 435 4172 2-
506 4141 584 4225 7.
654 4109 898 4217 Quae
957 4111 1271 4199 utilitas
1319 4123 1473 4227 pro
1518 4110 1866 4200 homine
1934 4115 2021 4200 in
2083 4113 2784 4228 veteriquedere-
2813 4118 2898 4202 in
2957 4114 3450 4237 ·quo.·Deus
3512 4115 3755 4203 illum

377 4228 717 4345 reliquit
765 4235 947 4344 ejus
1005 4236 1385 4346 proptiae
1445 4229 1966 4340 infirmitati,
2030 4235 2546 4350 imponendo
2591 4238 3065 4348 ipsis⁴suam
3098 4238 3378 4349 legem
3408 4240 3456 4322 P·
3510 4236 3762 4345 Quae
3872 4324 3882 4334 ,

375 4376 578 4434 vero
626 4344 979 4436 felicitas
1026 4381 1194 4436 non
1248 4349 1900 4440 est-admitti2ad
1948 4351 2381 4443 foeduszin
2416 4388 2592 4479 quo
2620 4356 2858 4448 Deus
2905 4359 3148 4446 nobis
3193 4356 3480 4464 donat,
3516 4354 3754 4477 quod

373 4470 687 4584 petita
732 4465 975 4555 nobis
1005 4474 1047 4558 f·
2212 4541 2217 4546 .
2962 4521 2970 4531 ·
3387 4470 3394 4478 ’
3501 4545 3512 4556 .

500 4588 603 4674 8.ΐ
650 4588 1063 4708 Nos-non
1114 4597 1625 4706 pertinemus
1674 4591 1781 4683 ad
1834 4625 2195 4688 novum'·
2224 4596 2518 4715 foedus
2548 4659 2586 4708 ,-
2654 4603 2826 4687 nisi·
2895 4602 2984 4686 in
3037 4624 3445 4719 quantum
3507 4603 3758 4717 parti·-

379 4712 605 4825 cipes
666 4743 952 4797 sumus
1022 4715 1278 4828 ipsius
1346 4744 1613 4805 novae
1674 4719 2033 4830 gratiae,
2102 4750 2323 4837 quac
2386 4740 2775 4840 operatur·
2834 4722 2935 4807 in·
2984 4721 3226 4806 nobis
3306 4718 3464 4829 idt
3527 4721 3761 4842 quod

375 4827 612 4918 Deus
664 4827 1391 4951 nobispraecipit.
2455 4905 2456 4908 a
2591 4883 2596 4890 ·
3403 4909 3414 4920 .
3489 4907 3500 4918 .
3609 4881 3619 4894 =
3679 4849 3684 4854 “

508 4949 593 5063 9'.
660 4951 945 5041 Gratia
1000 4951 1353 5040 Christi
1390 4955 1534 5043 cst
1627 4960 1877 5068 gratia
1929 4966 2616 5076 suprema‚'sine
2677 4960 3276 5085 qua-confiteri
3329 4960 3762 5050 Christum

380 5095 818 5191 nunquam
866 5101 1299 5194 possumus
1329 5138 1354 5180 ,
1437 5096 1522 5160 et
1572 5107 1767 5163 cum
1817 5111 1982 5198 qua
2035 5112 2469 5200 nunquam
2520 5085 2764 5170 illum
2811 5083 3340 5195 abnegamus.
3387 5158 3393 5162 .
3585 5157 3596 5164 .

508 5223 644 5279 ro.
712 5191 994 5282 Gratia
1049 5219 1172 5283 est
1219 5198 1583 5310 operatio
1629 5228 1931 5287 manus
1980 5201 2605 5319 Omnipotentis
2652 5205 2882 5314 Dei,
2933 5237 3190 5327 quam
3236 5203 3449 5291 nihil
3497 5202 3770 5316 impe·-

371 5308 557 5401 dire
604 5336 927 5430 potest,
977 5340 1122 5403 aut
1191 5312 1632 5404 retardare:
1799 5387 1805 5392 .
1890 5359 1897 5366 ·
2326 5366 2333 5374 ·
2743 5351 2748 5356 ·
2968 5397 2976 5402 ,
3488 5390 3498 5404 .

505 5464 637 5521 11.
705 5432 987 5523 Gratia
1034 5468 1203 5524 non
1257 5460 1378 5526 est
1428 5433 1661 5523 aliud
1694 5499 1723 5545 ‚
1776 5471 2027 5562 quam
2075 5442 2466 5540 voluntas
2515 5445 3148 5569 omnipotentis
3188 5443 3412 5550 Dei,
3450 5441 3758 5562 iuben-

379 5551 544 5661 tis,
577 5578 660 5646 et
705 5553 1127 5671 facientis,
1174 5556 1403 5682 quod
1449 5559 1726 5679 jubet-
2414 5559 2435 5593 ⁸
2582 5611 2588 5618 ·

2809 4940 2815 4948 ο
