4834 6409
1050 452 1229 542 280

1049 575 1197 693 qui
1246 598 1301 655 ,τ
1356 569 1577 656 Cum
1624 573 2095 658 Dominum
2142 571 2508 661 colerent
2531 636 2563 680 ,
2612 566 2815 663 Diis
2860 604 3192 699 quoque
3236 580 3703 667 serviebant
3737 577 4032 694 juxta
4090 588 4434 661 consue·

1045 689 1377 778 tudines
1432 690 1837 778 Gentium
1883 723 1935 775 ::
1985 716 2247 813 utque
2293 697 2381 782 in
2444 728 2536 784 re
2583 701 2795 783 tanti
2866 705 3269 815 momenti
3329 701 3560 796 nulla
3635 719 3849 786 esset
3935 690 4437 815 offendiculi

1044 814 1424 916 occasio,
1508 810 1813 899 auditis
1895 812 2470 925 theologorum
2501 879 2525 923 ,
2594 848 2691 903 ac
2765 818 3245 932 praesertim
3325 818 3959 913 Venerabilium
4038 815 4435 919 Fratrum

1042 932 1542 1020 Nostrorum
1594 933 1674 1016 S.
1730 934 1827 1019 R.
1882 934 1982 1017 E.
2039 932 2614 1022 Cardinalium
2666 966 2814 1053 per
2889 940 3360 1028 universam
3421 939 3981 1025 Christianam
4045 934 4435 1049 Rempu⁴

1046 1051 1357 1139 blicam
1438 1049 1982 1141 Generalium
2032 1054 2633 1170 Inquisitorem
2693 1054 3157 1170 suffragiis,
3235 1063 3471 1175 plura
3507 1123 3534 1167 ,
3597 1063 3824 1174 juxta
3873 1052 4138 1140 dubia
4224 1072 4436 1145 tune

1047 1173 1459 1288 proposita
1494 1232 1520 1283 9
1570 1171 1918 1287 provide
1964 1179 2399 1289 statuimus
2452 1242 2475 1284 ,
2563 1198 2648 1261 et
2730 1206 2774 1263 a
2858 1179 3396 1267 Missionariis
3456 1173 3968 1293 observanda
4033 1173 4438 1289 praescri*

1051 1297 1365 1411 psimus
1409 1328 1437 1404 3
1491 1293 1874 1403 Quorum
1915 1299 2289 1382 omnium
2341 1300 2430 1382 in
2483 1296 2658 1384 Nos
2708 1298 3225 1387 observantia
3257 1363 3283 1409 ,
3347 1332 3442 1386 ac
3492 1297 3864 1386 studium
3916 1292 4437 1407 amplifican-

1052 1415 1210 1500 dae
1259 1411 1501 1500 Fidei
1572 1417 1657 1498 in
1712 1434 2013 1499 certam
2070 1427 2299 1531 spem
2348 1416 2521 1503 Nos
2570 1420 2901 1527 erigunt
2932 1480 2956 1522 ‚
3045 1441 3144 1506 ut
3205 1423 3386 1535 pari
3448 1419 3984 1504 contentione
4030 1442 4185 1528 pro
4236 1416 4434 1520 viri·

1055 1536 1218 1620 bus
1267 1533 1840 1650 obtemperare
1887 1554 2255 1648 satagant
2300 1600 2327 1645 ,
2389 1569 2546 1624 nec
2620 1541 2842 1623 ullus
2891 1542 3101 1644 erit,
3164 1542 3311 1657 qui
3375 1538 3842 1625 detestabili
3909 1532 4438 1647 indulgentia

1050 1655 1292 1742 aliter
1342 1650 1520 1740 fleri
1572 1686 1806 1770 posse
1854 1661 2159 1765 cogitet
2205 1720 2229 1762 ,
2310 1680 2392 1743 et
2437 1659 2696 1745 veluti
2764 1656 3142 1745 infideles
3197 1658 3348 1744 filii
3399 1701 3457 1734 .-.-
3511 1662 3878 1745 peccare
3927 1685 4061 1739 eos
4082 1651 4441 1771 saciant

1040 1792 1491 1889 peccatum
1541 1804 1946 1893 magnum
1979 1816 2036 1852 =
2077 1777 2291 1863 Sane
2340 1781 2489 1863 etsi
2539 1778 2766 1865 hisce
2816 1775 3111 1864 mediis
3162 1782 3490 1865 muneri
3537 1776 3843 1862 Nostro
3892 1772 4434 1879 satisfecisse,

1053 1925 1153 1979 ac
1201 1897 1377 1980 sine
1424 1893 1952 1980 solicitudine
2027 1928 2200 1983 esse
2262 1896 2764 2008 suaderent3
2852 1921 3209 1985 attamen
3289 1902 3402 1984 re'i
3491 1918 4077 2001 momentum,
4157 1926 4202 1978 a
4268 1918 4437 2012 qua

1055 2011 1297 2101 Fidei
1345 2017 1720 2127 puritas,
1798 2038 2049 2130 atque
2123 2019 2542 2128 integritas
2591 2016 2962 2132 pendet,
3047 2049 3479 2135 nunquam
3547 2016 3768 2103 hanc
3829 2018 3917 2098 in
3998 2014 4237 2101 nohis
4289 2044 4437 2100 cu·

1055 2166 1234 2219 ram
1279 2130 1647 2239 delebit,
1716 2136 1872 2219 nisi
1922 2134 2028 2221 ad
2076 2135 2730 2245 magnitudinem
2794 2139 3102 2248 negotii
3153 2136 3686 2256 oportuniora
3735 2163 4060 2247 semper
4104 2163 4435 2248 compa-

1056 2283 1333 2339 remus
1376 2253 1763 2343 remedia.
1819 2253 2103 2363 Quare
2155 2257 2844 2345 Fraternitatibus
2892 2259 3243 2367 Vestris,
3297 2281 3383 2346 et
3427 2257 3964 2345 Missionariis
4011 2253 4431 2357 omnibus,

1052 2373 1365 2491 quibus
1412 2372 1869 2488 praedictas
1936 2376 2269 2461 Nostras
2322 2377 2640 2463 Literas
2690 2375 3137 2464 direximus
3169 2441 3195 2486 ‚
3248 2381 3422 2466 sive
3473 2375 4001 2480 Saeculares,
4054 2377 4228 2462 sive
4278 2373 4435 2459 Re·

1054 2494 1381 2607 gulares
1460 2499 2066 2613 cujuscumque
2145 2496 2636 2608 Religionis,
2701 2496 3447 2608 Congregationis,
3526 2496 3952 2598 Instituti‚
4009 2493 4438 2579 Societatis

1055 2617 1306 2700 etiam
1350 2606 1549 2698 wJes'n
1601 2608 1975 2718 fueritis,
2026 2612 2628 2702 demandamus
2664 2680 2688 2724 ,
2766 2640 2851 2703 et
2897 2619 3447 2732 praecipimus
3483 2677 3509 2722 ‚
3577 2638 3676 2700 ut
3722 2617 3998 2700 omnia
4039 2676 4065 2722 ,
4134 2635 4218 2700 et
4275 2614 4439 2698 sin-

1057 2735 1248 2845 gula
1285 2794 1311 2838 ‚
1391 2763 1603 2848 quae
1678 2735 1765 2818 in
1830 2731 2072 2820 dictis
2124 2738 2425 2821 nostris
2487 2732 2786 2824 Literis
2835 2741 3411 2844 continentur,
3485 2738 3806 2846 integre
3841 2797 3866 2841 ‚
3951 2756 4287 2840 exacte,
4341 2762 4435 2817 ac

1058 2851 1652 2941 inviolabiliter
1710 2853 2159 2941 observetis
2196 2917 2222 2960 ,
2288 2878 2539 2972 atque
2587 2857 2693 2942 ab
2770 2858 2886 2940 eis
2919 2918 2945 2964 ,
3013 2887 3369 2974 quorum
3424 2886 3619 2941 cura
3703 2851 3810 2938 ad
3871 2883 4018 2939 vos
4065 2873 4376 2967 spectat
4410 2913 4435 2956 ,

1060 2996 1375 3061 remota
1440 2976 1775 3087 penitus
1849 2976 2139 3091 quavis
2220 2975 2456 3061 aliter
2530 2977 3126 3089 interpretandi
3192 2994 3595 3089 potestate
3643 3036 3668 3080 ‚
3734 2971 4230 3059 adamussim
4296 2970 4444 3055 ob·-

1059 3093 1366 3180 servari
1428 3091 1741 3179 faciatis
1817 3095 1899 3176 in
1954 3098 2263 3179 virtute
2337 3118 2667 3182 sanctae
2732 3095 3253 3183 obedientiae
3329 3097 3488 3180 sub
3544 3123 3810 3206 poena
3886 3093 4444 3208 suspensionis

1058 3211 1169 3299 ab
1220 3215 1604 3298 exercitio
1653 3210 2322 3319 Pontificalium,
2405 3213 2837 3303 Interdicti
2889 3217 2994 3302 ab
3047 3221 3412 3328 ingressu
3473 3212 3902 3299 Ecclesiae
3935 3275 3960 3320 ,
4030 3236 4115 3298 et
4163 3242 4434 3327 respe-

1055 3333 1281 3427 ctive
1331 3334 2199 3421 excommunicationis
2252 3337 2464 3421 latae
2524 3339 2981 3423 sententiae
3015 3399 3040 3443 ‚
3088 3371 3130 3421 a
3182 3366 3346 3452 qua
3401 3363 3647 3418 nemo
3696 3334 4092 3418 Vestrum
4143 3365 4186 3417 a
4239 3361 4442 3450 quo-

1058 3480 1369 3568 quam,
1430 3472 2006 3569 praeterquam
2054 3486 2101 3539 a
2150 3454 2472 3558 Nobis,
2555 3484 2704 3541 seu
2754 3457 3129 3542 Romano
3179 3450 3585 3540 Pontifice
3655 3483 3806 3566 pro
3853 3473 4227 3565 tempore
4275 3455 4442 3537 exi·-

1057 3592 1385 3676 stente,
1472 3595 1813 3686 excepto
1877 3595 2197 3659 tantum
2281 3576 2567 3659 mortis
2618 3577 3019 3682 articu10‚
3108 3573 3420 3660 absolvi
3506 3575 3880 3695 possitis-3
3950 3573 4068 3657 Et
4152 3570 4429 3692 quoad

1063 3688 1511 3799 Regulares
1560 3694 1898 3806 insuper
1964 3694 2446 3806 psivationis
2521 3697 2746 3782 vocis
2809 3697 3121 3783 activae
3155 3759 3185 3798 ,
3247 3716 3332 3780 et
3378 3692 3748 3806 passivae
3797 3694 4044 3779 etiam
4106 3694 4284 3806 ipso
4329 3687 4449 3776 fa-

1060 3829 1201 3892 cto
1234 3871 1264 3910 ,
1314 3831 1399 3895 et
1445 3812 1621 3895 sine
1671 3813 1839 3897 ulla
1891 3814 2044 3899 alia
2094 3812 2651 3900 declaratione
2702 3812 3277 3902 incurrendae.
3330 3807 3641 3897 Itidem
3690 3810 3848 3896 sub
3899 3808 4197 3898 iisdem
4245 3840 4441 3926 poe·

1063 3929 1192 4012 nis
1222 3990 1245 4032 ,
1312 3951 1394 4013 et
1443 3934 1805 4016 censuris
1855 3935 2029 4046 pari
2084 3934 2569 4019 auctoritate
2615 3936 3160 4049 praecipimus
3191 3997 3222 4036 ,
3285 3954 3370 4018 et
3421 3929 3962 4038 mandamus,
4013 3954 4110 4017 ut
4156 3952 4444 4017 omnes

1060 4070 1157 4133 et
1222 4048 1585 4162 singuli,
1656 4054 1800 4167 qui
1853 4053 1961 4137 ab
2036 4050 2190 4137 hac
2244 4053 2540 4137 Sancta
2589 4050 2812 4141 Sede
2845 4117 2868 4160 ,
2901 4096 2904 4097 f
2935 4059 3109 4139 sive
3159 4052 3265 4138 ab
3317 4080 3607 4137 eorum
3656 4054 4107 4165 respective
4185 4051 4448 4165 Supe-

1063 4164 1420 4253 rioribus
1474 4166 1581 4254 ad
1649 4173 1798 4255 ista
1852 4171 2131 4280 Regna
2182 4173 2432 4265 sacris
2481 4170 2891 4258 obeundis
2943 4171 3480 4258 Missionibus
3527 4173 3745 4256 missi
3801 4173 4026 4257 eritis
4076 4233 4100 4277 ,
4164 4175 4444 4289 statim

1064 4319 1161 4374 ac
1212 4283 1316 4372 de
1370 4286 1592 4373 hisce
1642 4289 1944 4376 Literis
1996 4294 2291 4377 nostris
2358 4293 2741 4377 certiores
2800 4290 2996 4378 facti
3077 4288 3395 4377 fueritis
3417 4304 3459 4394 ‘‚
3521 4291 3660 4378 vel
3723 4294 4015 4409 quavis
4076 4288 4232 4377 alia
4299 4286 4443 4378 de-

1063 4408 1603 4496 nunciatione
1650 4405 1758 4496 de
1806 4412 1966 4495 illis
2020 4412 2397 4496 notitiam
2461 4408 2970 4516 habueritis,
3055 4415 3617 4524 juramentum
3686 4410 4165 4524 praestetis,
4232 4413 4442 4499 iute-

1059 4556 1257 4638 gre,
1332 4550 1667 4633 exacte,
1740 4560 1834 4614 ac
1890 4528 2368 4616 omnimode
2418 4532 2804 4645 implere,
2868 4562 3098 4650 ¹quae·
3179 4524 3526 4645 provide
3574 4530 3932 4617 a‘Nobis
3997 4522 4443 4623 in'iisdem

1064 4640 1373 4730 Literis
1443 4650 1885 4735 constituta
1936 4647 2278 4737 suerunt
2327 4711 2353 4756 ‚
2433 4666 2710 4766 neque
2755 4652 2914 4736 illis
2975 4652 3144 4736 'ulla
3207 4652 3293 4736 in
3377 4672 3608 4762 parte
3658 4653 3953 4770 quovis
4001 4649 4160 4736 sub
4208 4682 4443 4764 prae·

1065 4788 1296 4853 textu
1346 4778 1777 4854 contraire.
1832 4768 2005 4854 Illis
2055 4772 2301 4877 etiam
2403 4772 2548 4886 qui
2602 4769 3130 4886 quandocum
3201 4799 3305 4855 ue
3370 4766 3532 4856 hoc
3592 4796 3900 4856 munus
3963 4775 4436 4887 suscepturi

1063 4906 1315 4976 erunt
1362 4945 1389 4989 ‚
1454 4884 1945 4973 mandamus
1996 4902 2092 4974 a'c
2146 4890 2705 5003 ⁴*praecipimus
2788 4890 2944 5004 sub
3028 4894 3126 4975 iis
3188 4908 3320 4975 em·
3384 4892 3775 4976 omnihus
3852 4893 4277 4999 censuris,
4354 4914 4442 4977 et

1063 5007 1565 5123 poeni9,·ut
1613 5009 1848 5092 nullo
1903 5030 2145 5124 pacto
2213 5006 2634 5117 audeant,
2702 5009 2837 5097 vel
2920 5012 3358 5099 minimum
3435 5030 3716 5125 actutu
3793 5004 4185 5126 explere,
4269 5008 4443 5097 nisi

1062 5152 1303 5218 antea
1359 5145 1441 5209 et
1500 5127 1673 5241 ipsi·
1704 5132 2260 5239 jurameutum
2313 5125 2825 5241 praedictum
2875 5131 3427 5244 praestiterint
3458 5118 3500 5236 ‚¹
3561 5131 3765 5248 quin
3831 5150 3988 5217 nse
4038 5124 4443 5248 'tanquam

1065 5244 1534 5356 Presbyteri
1615 5247 2088 5333 Saeculares
2184 5246 2290 5332 ab
2324 5245 2840 5354 “Ordinariis
2927 5249 3340 5335 Locorum
3420 5248 3800 5365 deputati
3843 5311 3874 5353 ,
3949 5254 4106 5338 seii
4171 5251 4440 5338 veluti

1063 5368 1479 5480 simplices
1530 5354 1915 5478 Religiosi
1966 5430 1991 5476 ,
2074 5367 2211 5455 vel
2263 5369 2555 5483 quovis
2606 5370 2767 5456 alio
2818 5370 3062 5455 titulo
3095 5432 3118 5475 ,
3197 5391 3279 5455 et
3331 5366 4438 5458 nomineuchristffidolium

1066 5485 1621 5573 confessiones
1685 5490 2104 5604 excipere,
2192 5486 2630 5575 conciones
2691 5487 3074 5599 habere,
3139 5506 3282 5575 au't
3332 5490 3857 5578 Sacramenta
3919 5493 4432 5598 ministrare,

1062 5604 1215 5701 sed
1268 5609 1875 5727 omni-prorsus
1935 5631 2265 5701 careant
2310 5609 2768 5734 potestate)
2820 5606 3296 5724 derogando
3363 5611 3793 5734 quibusvis
3839 5610 4286 5730 pavitantis
4327 5613 4444 5715 sig
4495 5708 4505 5715 ,
