4834 6409
3647 440 3826 531 :²25

462 574 753 687 Urbe',
820 576 1054 666 Italia
1093 635 1117 678 ,
1185 574 1280 659 ac
1328 566 1635 658 Insulis
1684 564 2255 687 adjacentibus
2303 601 2350 657 a
2397 567 2662 656 Nobis
2708 563 3006 655 factam
3041 625 3067 673 ‚
3106 563 3321 652 sicut
3379 565 3831 679 praemitti-

460 722 600 786 tur
632 764 657 807 ,
694 695 1278 814 expeditasque
1329 691 1679 807 desuper
1728 692 2000 778 literas
2052 700 2362 780 nostras
2408 686 2867 806 praedictas
2898 750 2925 796 ,
2965 683 3074 775 ad
3106 687 3540 774 universos
3588 681 3832 771 Chri·

461 818 856 906 stifidcles
906 818 1421 933 ubicumque
1471 812 1847 899 locorum
1924 842 2204 917 nunc,
2268 830 2381 898 et·
2413 840 2565 924 pro
2607 831 2984 925 ‚tempore
3046 806 3481 894 existentes
3507 856 3542 912 ,·
3596 833 3831 899 eum-

457 936 650 1026 dem
717 931 2041 1040 Catechismum‚.Doctrinamve
2116 929 2672 1017 Christianam
2754 922 3604 1018 similiter,docentes
3652 977 3708 1031 ,ι
3743 943 3831 1012 et

461 1056 784 1145 adultos
832 1055 1346 1143 addiscentes
1384 1118 1407 1162 ,
1472 1074 1781 1140 servata
1836 1050 2318 1163 earumdem
2368 1051 2792 1136 literarum
2855 1070 3319 1165 nostrarum
3367 1042 3629 1131 forma
3665 1106 3707 1150 ,-
3744 1065 3831 1130 et

463 1176 1058 1294 dispositione,
1122 1177 1619 1261 auctoritate.
1687 1172 2158 1286 Apostolica
2223 1194 2508 1258 tenore
2572 1173 3128 1284 praesentium
3189 1167 3274 1250 in
3328 1185 3831 1281 perpetuum

476 1296 992 1386 extendimus
1056 1297 1481 1400 similiter,
1549 1315 1633 1378 et
1707 1293 2217 1407 ampliamus.
3481 1366 3488 1371 ,
3721 1306 3732 1353 5
4151 1354 4160 1359 -

585 1415 652 1517 S.
720 1424 805 1527 ᾖ..
869 1412 1056 1502 Non
1143 1413 1661 1502 obstantibus
1746 1437 2019 1498 nostra
2069 1409 2175 1498 de
2251 1439 2411 1495 non
2505 1400 3060 1495 concedendis
3121 1396 3673 1515 Indulgentiis
3722 1399 3828 1489 ad
3863 1398 4210 1467 obstanti-

463 1538 722 1624 instar
779 1537 1125 1656 aliisque
1207 1530 1967 1619 constitutionibus
2001 1597 2032 1635 ,
2093 1555 2177 1618 et
2241 1526 2936 1616 ordinationibus
2996 1525 3490 1643 Apostolicis
3525 1587 3550 1630 ,
3618 1490 3973 1670 cete-¹3²2⁸
4017 1490 4212 1560 ‘hm'

466 1648 746 1776 ris'que
798 1655 1227 1743 contrariis
1302 1652 1998 1774 quibuscumque.
2673 1663 2722 1673 ““
3297 1665 3304 1671 ’
3437 1664 3446 1671 ·
3655 1664 3668 1671 “
3962 1628 3979 1647 ’

581 1780 649 1877 S.
704 1777 800 1862 ⁴5.
863 1776 1277 1861 Volumn's
1340 1795 1672 1878 autem,
1751 1776 2255 1887 tit-ipsarum
2314 1772 2875 1885 praesentium
2933 1767 3359 1855 literarum
3420 1785 3830 1851 transum·
3859 1792 4210 1860 'rr-ausum.

463 1898 627 2008 ptis
656 1961 682 2003 ,
710 1885 894 1984 ‘seu
943 1894 1334 2006 exemplis
1368 1895 1628 1980 etiam
1692 1892 2102 2006 impressis
2151 1921 2405 1991 manu
2481 1888 2830 2005 alicujus
2885 1888 3205 1973 Notat-ii
3266 1886 3585 2001 publici
3635 1884 3828 1970 sub·
3849 1883 4104 1993 ptisqps

468 2017 875 2132 scriptis,-
905 2037 990 2101 et
1035 2013 1301 2126 sigillo
1347 2040 1739 2129 personae
1790 2015 1875 2096 in
1926 2009 2322 2123 dignitate
2370 2008 2948 2099 Ecclesiastica
2999 2008 3496 2094 constitutae
3556 1972 4026 2135 muni-ff
4077 1993 4171 2060 '¹¹‘

463 2135 568 2218 tis
598 2197 623 2241 ,
688 2134 979 2223 eadem
1030 2165 1359 2249 prorsus
1419 2129 1626 2218 fides
1676 2127 2215 2238 adhibeatur,
2286 2160 2500 2249 quae
2549 2124 3083 2217 adhiberetur
3144 2127 3338 2242 ipsis
3389 2125 3833 2243 praesenti·
3960 2114 3977 2130 ’

466 2252 686 2362 buS,
753 2260 818 2340 si
869 2252 1140 2340 forent
1187 2253 1596 2340 exhibitae
1647 2314 1671 2359 ,
1740 2252 1871 2339 vel
1929 2274 2323 2338 ostensae.

588 2373 903 2461 Datum
957 2373 1263 2460 Romae
1311 2369 1536 2488 apud
1588 2375 1977 2483 Sanctam
2026 2372 2370 2459 Mariam
2418 2371 2827 2488 Maiorem
2876 2368 3034 2454 sub
3084 2367 3429 2453 Annulo
3473 2367 3831 2455 Piscato-

467 2494 576 2578 ris
627 2491 763 2581 die
823 2500 954 2583 16.
1007 2495 1203 2582 Maii
1268 2495 1516 2613 1736.
1570 2494 1811 2579 Pont.
1865 2492 2142 2578 Nostri
2194 2522 2414 2578 anno
2463 2516 2710 2578 sexto.

578 2857 1121 2976 Indulgentic'z
1156 2857 1547 2970 plenaria
1605 2882 1659 2938 α
1708 2857 1855 2943 SS.
1919 2858 2037 2942 D.
2086 2854 2205 2943 N.
2264 2854 2691 2942 Clemente
2725 2854 2925 2938 PP.
2978 2853 3189 2938 XII.
3249 2855 3597 2971 benigne
3644 2887 3834 2941 con-

686 2990 929 3073 ‚z-essa
984 2981 1561 3064 Mass-ionariis
1618 2979 2126 3091 Capuccinis
2183 2975 2464 3063 Gallis
2516 2981 2606 3059 in
2661 2976 3050 3089 par-tibus
3098 2972 3588 3091 Infidelr’um
3649 2984 3835 3062 exi·

700 3100 1102 3183 stentibus
1150 3114 1332 3183 tum
1380 3092 1518 3180 die
1540 3159 1565 3204 ‚
1619 3129 1785 3217 quo
1831 3095 1950 3182 ad
2006 3102 2193 3210 ipsa
2240 3095 2426 3180 loca
2465 3097 2590 3182 M
2583 3100 2984 3199 aessssionum
3028 3097 3557 3210 pervenerim
3585 3161 3616 3207 ‚
3652 3117 3834 3185 tum

580 3260 590 3267 ·
713 3221 804 3301 in
851 3216 1213 3305 articulo
1262 3222 1579 3304 mortis.
3017 3263 3026 3271 ·
3067 3256 3070 3261 ·

1150 3401 1465 3641 01,
1523 3458 1616 3569 E
1675 3392 2238 3571 ME'NS
2373 3454 2639 3568 PP.
2765 3447 3075 3568 ΧΠ.

1455 3703 1612 3791 Ad
1636 3702 2049 3819 futuram
2109 3708 2241 3787 rei
2300 3707 2830 3793 memoriam.

590 3854 1182 4049 Coelestium
1236 3978 1683 4035 munerum
1762 3946 2180 4037 thesauros
2231 3943 2592 4029 libenter
2643 3945 3166 4058 impertimur
3212 3945 3310 4029 iis
3346 4009 3370 4049 ,
3438 3977 3649 4065 quos
3711 3978 3830 4033 sa·
3853 3958 4217 4029 Praemium

473 4068 736 4151 lutem
801 4070 1260 4154 animarum
1291 4130 1315 4171 ,
1348 4091 1432 4154 et
1479 4067 1941 4153 Gentilium
1992 4067 2612 4152 conversionem
2662 4066 3100 4179 procurare
3151 4066 3706 4176 intelligimus.

583 4183 653 4285 S.
697 4215 823 4280 .1.·
856 4183 1076 4270 Cum
1139 4191 1421 4303 itaque
1456 4249 1480 4290 ,
1533 4191 1746 4272 sicut
1806 4186 2159 4277 dilectus
2208 4181 2425 4270 filius
2477 4183 3016 4270 Cherubinus
3063 4181 3169 4269 de
3224 4182 3494 4272 Noves
3549 4186 3831 4274 Frater
3854 4171 4219 4355 ωῗὴωῖἶὲ·

462 4335 846 4418 expresse
894 4304 1307 4419 professus
1356 4304 1698 4391 Ordinis
1766 4306 2225 4393 Minorum.
2265 4304 2341 4391 S.
2402 4301 2828 4391 *Francisci
2869 4300 3555 4416 *Capuccinorum
3618 4339 3834 4394 nun·
3854 4375 3983 4421 ces.

462 4432 957 4539 eupatoru'm
1003 4432 1088 4512 in
1145 4426 1515 4511 Romana
1544 4427 1798 4512 Curia
1828 4426 2317 4513 Missionum
2347 4424 2902 4510 Orientalium
2929 4488 2958 4528 ,
2994 4434 3080 4510 et
3113 4421 3782 4515 occidentalium
3812 4493 3838 4534 ,

406 4603 413 4609 ·
468 4576 564 4631 ac
615 4544 1317 4633 Missionariorum
1374 4543 1805 4631 Gallorum
1872 4543 2240 4659 ejusdem
2298 4542 2642 4631 Ordinis
2690 4543 3182 4630 Procurator
3247 4546 3483 4645 nobis
3566 4581 3834 4662 nuper

460 4669 763 4783 exponi
817 4663 1072 4772 fecit,
1131 4689 1216 4754 et
1264 4663 1606 4753 diversis
1685 4666 1946 4777 Regni
2030 4663 2349 4751 Galliae
2402 4664 2858 4750 Provinciis
2936 4662 3279 4750 Ordinis
3344 4667 3827 4785 hujusmodi

462 4786 737 4898 plures
785 4785 1167 4900 Religiosi
1219 4789 1370 4875 viri
1417 4789 1508 4901 *in
1563 4790 1933 4898 gentium
1988 4789 2525 4875 conversione
2574 4786 2923 4871 maxime
2990 4786 3365 4873 laborent
3400 4853 3423 4896 ,
3492 4813 3576 4877 et
3627 4791 3832 4876 San-

462 4906 579 4987 cti
631 4906 979 5018 Spiritus
1044 4908 1297 5020 gratia
1350 4907 1710 4993 multum
1762 4905 2227 5022 proficiant.

579 5035 654 5129 S.
724 5056 800 5107 2.
866 5026 1038 5113 Nos
1099 5025 1509 5140 ejusmodi
1568 5028 1702 5138 pia
1754 5026 2023 5115 studia
2076 5030 2369 5117 intimo
2419 5022 2694 5112 cordis
2739 5021 3045 5113 affectu
3093 5027 3544 5143 plurimum
3610 5059 3831 5133 com„-
3883 5045 4218 5141 Indulgen-

464 5140 918 5256 plectentes
948 5209 973 5251 ,
1040 5146 1387 5261 illosque
1436 5146 1926 5257 specialibus
1987 5145 2407 5237 favoribus
2437 5208 2461 5250 ,
2530 5169 2613 5230 et
2660 5147 2933 5255 gratiis
2999 5152 3379 5267 prosequi
3435 5148 3831 5258 volentes,
3856 5139 3981 5247 ²3⁸?
4024 5140 4107 5207 ‘¹⁰
4150 5234 4168 5250 ,

458 5265 875 5349 ‘universis
921 5263 1124 5351 dicti
1176 5262 1518 5351 Ordinis
1570 5263 1996 5377 Religiosis
2045 5264 2522 5355 earumdem
2577 5265 3200 5373 provinciarum
3251 5268 3566 5355 Galliae
3603 5332 3628 5377 ‚
3685 5232 4218 5391 quiffifflgmm

460 5381 959 5495 pro‘Cbristi
1015 5418 1330 5491 amore,
1365 5410 1449 5473 et
1496 5382 2019 5483 obedientiae
2068 5391 2363 5474 merito
2416 5386 2929 5473 conversioni
2962 5387 3423 5489 Gentilium
3476 5393 3560 5487 in
3604 5421 3834 5505 prae·

465 5501 650 5589 satis
705 5503 1314 5615 Orientalium,
1379 5528 1465 5596 et
1514 5504 2179 5594 Occidentalium
2265 5508 2637 5625 partibus
2688 5506 3254 5618 procurandae
3309 5539 3395 5598 se
3445 5514 3834 5599 accinxe-

470 5626 634 5709 rint
668 5686 694 5732 ,
758 5622 911 5741 die,
944 5659 1113 5748 quo
1162 5627 1269 5723 ad
1321 5631 1490 5750 ipsa
1543 5629 1721 5727 loca
1773 5628 2260 5729 Missionum
2311 5629 2895 5753 pervenerint,
2926 5632 2988 5715 si
3044 5627 3556 5724 consessione
3602 5644 3832 5752 'prae-

726 5746 1085 5840 TomJI.
2704 5748 2775 5835 F
2825 5743 2877 5832 f
