4834 6409
2410 648 2448 671 ,
3589 568 3747 658 25'1
3782 608 3792 651 1

383 696 668 786 oculos
705 756 730 799 ,
792 713 879 781 et
936 714 1312 783 mentem
1364 716 1724 782 nostram
1775 682 2293 808 in'priorum
2338 685 2858 781 saeculorum
2931 709 3482 776 monumenta
3533 692 3769 806 peni-

381 842 518 909 tus
568 812 1006 903 defiximus
1040 879 1066 921 ,
1106 848 1367 903 unum
1422 814 1697 902 adhuc
1735 814 1993 933 idque
2042 817 2391 902 unicum
2442 839 2865 927 superesse
2901 806 3454 927 comperimus
3482 874 3506 918 ‚
3538 808 3796 930 quodi

380 940 638 1055 possit
686 938 964 1046 iguem
1009 935 1243 1024 -hunc
1291 938 1489 1025 seris
1572 940 1817 1024 etiam
1870 932 2417 1023 metuendum
2497 928 3107 1018 successoribus
3143 995 3168 1038 ‚
3233 934 3765 1045 extinguere,

385 1055 740 1175 perdere
778 1080 939 1161 set
974 1055 1251 1145 delere
1285 1078 1317 1169 3·
1348 1062 1412 1143 si
1467 1058 1704 1173 plura
1755 1058 2158 1142 nimirum
2206 1088 2303 1159 ex
2353 1051 2699 1141 diversis
2750 1050 3217 1143 Ordinibus
3265 1114 3292 1160 ,
3359 1056 3762 1148 continua

386 1203 485 1264 ut
535 1182 695 1282 sit,
762 1206 1024 1296 eaque
1073 1182 1486 1294 pia·inter
1535 1210 1673 1265 eos
1741 1175 2171 1264 laborandi
2234 1180 2320 1262 in
2369 1178 2613 1261 vinea
2678 1171 3024 1259 Domini
3086 1172 3589 1278 aemulatio,
3651 1196 3770 1259 at-

386 1288 687 1417 quein
745 1292 1085 1384 diversis
1136 1302 1547 1385 montium
1600 1300 1802 1385 locis
1835 1361 1859 1405 ,
1899 1302 1983 1383 in
2026 1298 2331 1415 quibus
2385 1292 2794 1382 haeretica
2835 1293 3014 1380 lues
3061 1297 3317 1406 magis
3370 1295 3769 1381 hactenus

296 1416 301 1421 ’
384 1420 809 1522 insenuit,
866 1442 972 1504 ut
1025 1417 1482 1505 firmissima
1550 1421 2174 1507 armamentaria
2231 1417 2651 1505 Ecclesiae
2713 1410 3175 1501 fundentur
3213 1417 3771 1531 'Apostolico-

382 1569 572 1622 rum
629 1537 1337 1629 Missionariorum
1392 1540 1767 1656 Hospitia
1807 1604 1833 1645 ,
1898 1542 2038 1659 qni
2092 1542 2594 1624 incessanter
2645 1534 3206 1641 excurrendO,
3285 1559 3371 1623 et
3421 1531 3772 1624 catechi-

391 1656 664 1744 zando
705 1722 730 1765 ‚
802 1658 1049 1745 rudes
1116 1666 1588 1767 instruant,
1655 1659 2138 1746 dubitantes
2191 1659 2673 1762 inflectant,
2741 1656 2953 1742 clam
3015 1658 3443 1774 inquirant
3499 1662 3588 1742 in
3638 1684 3775 1739 su-

386 1803 710 1893 spectos
747 1843 770 1886 ‚
839 1783 1286 1900 omniaque
1348 1814 1439 1868 ea
1495 1805 1940 1898 peragant,
2005 1812 2218 1900 quae
2271 1776 2803 1873 individuum
2870 1778 3392 1893 Apostolicae
3453 1777 3776 1861 Missio-

383 1903 513 1985 nis
563 1931 875 1984 munus
929 1907 1311 2016 exposcit.
1388 1903 1919 2017 Quapropter
1996 1934 2223 1999 ficum,
2281 1898 2386 1986 ad
2472 1898 2864 1987 effectum
2933 1902 3475 2014 praemissum
3556 1898 3774 1982 inter
3875 1960 3882 1967 .

389 2022 597 2105 alios
651 2021 924 2131 plures
997 2023 1962 2123 ‚strenuissimostlhristi
2017 2024 2319 2107 milites
2382 2018 2665 2106 dilecti
2731 2020 2994 2105 Nobis
3045 2023 3127 2135 in
3183 2016 3518 2103 Christo
3603 2014 3766 2099 ΡΡ.

384 2138 852 2254 Capuccini
906 2142 1423 2257 Venerabilis
1473 2142 1817 2228 Ordinis
1873 2143 1948 2228 S.
1990 2143 2406 2228 Francisci
2447 2141 2935 2227 Provinciae
2987 2164 3314 2226 nostrae
3365 2136 3773 2225 Salisbur-

389 2262 657 2371 gensis
696 2290 847 2374 pro
898 2263 1079 2346 zelo
1117 2326 1140 2369 ‚
1195 2295 1364 2381 quo
1414 2264 1762 2376 flagrant
1820 2263 1924 2349 ad
1977 2267 2442 2349 animarum
2494 2262 2840 2353 salutem
2880 2287 2934 2369 ,·
2973 2268 3304 2375 operam
3355 2290 3592 2345 suam
3629 2254 3770 2346 de·

386 2382 799 2484 tulerint,
861 2386 1294 2479 statuimus
1355 2405 1438 2470 et
1520 2390 1735 2500 ipsos
1785 2416 2122 2503 quoque
2172 2387 2256 2468 in
2310 2406 2628 2499 partem
2691 2382 2989 2467 laboris
3040 2411 3388 2485 vocare,
3443 2378 3782 2467 divina-³

399 2531 566 2617 que
614 2498 799 2586 freti
854 2532 1007 2615 ope
1038 2567 1062 2611 ,
1128 2527 1212 2590 et
1259 2510 1664 2591 constanti
1720 2507 2217 2620 experientia
2281 2501 2569 2608 docti,
2639 2500 3160 2589 decrevimus
3209 2504 3297 2586 in
3347 2498 3761 2606 Domin0‚

387 2619 1082 2740 decernimusque
1138 2622 1240 2709 ad
1294 2623 1869 2712 stabiliendam
1913 2628 1994 2708 in
2049 2624 2427 2710 Dioecesi
2482 2647 2750 2707 nostra
2793 2685 2816 2731 ,
2865 2624 3220 2708 maxime
3265 2624 3478 2708 intra
3528 2651 3768 2707 mon-

382 2764 503 2825 tes
565 2739 1109 2830 orthodoxam
1161 2745 1676 2856 Religionem
1731 2743 1832 2833 ad
1912 2741 2468 2860 profligandas
2522 2742 2945 2850 haereses,
3012 2739 3264 2863 atque
3312 2739 3418 2827 ad
3468 2771 3763 2857 propa-

386 2857 741 2972 gandam
789 2869 1185 2977 majorem
1240 2864 1461 2971 Dei,
1519 2868 2035 2985 Sancta'eque
2089 2866 2377 2950 Matris
2431 2863 2853 2950 Ecclesiae
2885 2925 2909 2970 ,
2976 2885 3061 2949 et
3113 2859 3802 2950 Archidioecesis·
3909 2947 3920 2954 .

386 3003 708 3064 nostrae
760 2981 1100 3089 gloriam
1139 2983 1445 3070 eisdem
1502 2987 1663 3072 ΡΡ.
1697 2987 2196 3101 Capuccinis
2235 2980 2720 3071 Provinciae
2771 3005 3230 3099 praetactae
3274 3012 3534 3099 prope
3586 2980 3765 3099 Op-

388 3096 685 3213 pidum
742 3090 1110 3187 nostrum
1163 3109 1247 3188 iu
1300 3104 1681 3193 Werffen
1738 3107 1840 3193 ad
1892 3104 2289 3194 effectum
2338 3103 2920 3190 tantummodo
2979 3101 3494 3216 peragendae
3546 3104 3771 3219 Apo-

391 3221 727 3303 stolicae
779 3219 1195 3309 Missionis
1255 3225 1557 3343 Sedem.
1609 3230 1986 3314 stabilem
2036 3225 2288 3338 figere
2323 3289 2348 3332 ‚
2401 3250 2653 3341 atque
2701 3224 2860 3310 sub'
2912 3226 3283 3336 legibus,
3319 3224 3578 3340 pactIs
3605 3288 3635 3329 ,
3687 3247 3772 3313 et

396 3337 1023 3448 conditionibus
1085 3342 1676 3434 infradieendis
1743 3353 1827 3434 in
1879 3370 2379 3462 perpetuum
2430 3343 2784 3432 firmare.
3541 3431 3548 3437 .

504 3458 565 3559 S.
642 3492 721 3574 7.
790 3460 1067 3548 Primo
1107 3469 1385 3585 itaque
1436 3466 1729 3557 damus
1763 3534 1794 3573 ,
1845 3464 2380 3556 concedimus
2415 3531 2440 3574 ,
2506 3490 2590 3551 et
2641 3464 3046 3552 tradimus
3095 3467 3471 3554 antelatis
3508 3466 3770 3552 Patri-1
3831 3466 4034 3575 ‚Legffl
4069 3468 4152 3534 ab

381 3580 542 3665 bus
611 3582 718 3665 ab
768 3586 1061 3690 omni,
1135 3609 1219 3672 et
1269 3619 1802 3708 quocumque
1853 3619 2102 3675 onere
2154 3587 2415 3694 reali,
2467 3589 2756 3695 mixto,
2821 3589 3428 3703 seupersonali
3486 3590 3769 3701 poeni·
3790 3560 4154 3718 effnffim‘

389 3727 523 3788 tus
579 3700 923 3789 liberam
956 3766 981 3811 ,
1047 3732 1130 3794 et
1176 3711 1640 3797 immunem
1692 3733 1998 3796 tantam
2059 3710 2607 3828 quantitatem
2655 3704 2972 3822 praedii
3028 3713 3285 3795 nostri
3335 3675 3831 3824 nuncupa·v
4040 3690 4056 3709 ⁹

385 3826 446 3910 ti
513 3820 971 3938 Majenfeld
1025 3826 1423 3916 hactenus
1475 3829 1579 3917 ad
1630 3827 2166 3943 gaudendum
2204 3825 2629 3914 Praefecto
2681 3851 2961 3914 nostro
3010 3819 3096 3914 in
3133 3827 3520 3917 Werffen
3571 3859 3771 3918 con·

390 3947 657 4049 cessi,
722 3967 807 4030 et
900 3948 1031 4030 siti
1095 3981 1352 4065 prope
1448 3975 1526 4039 et
1604 3983 1850 4068 super
1935 3947 2335 4067 oppidum
2410 3944 2930 4064 praedictum
2982 4011 3008 4056 ,
3071 3982 3283 4068 quae
3369 3950 3768 4039 nimirum

253 4148 258 4153 .
390 4064 824 4149 Orientem
876 4095 1163 4155 versus
1209 4074 1534 4178 existit,
1615 4104 1996 4193 quaeque
2072 4094 2194 4156 sat
2255 4072 2358 4155 sit
2429 4100 2582 4183 pro
2644 4065 2997 4184 desuper
3043 4070 3503 4158 extruendo
3571 4072 3772 4159 Mis-

386 4185 637 4271 sionis
689 4181 1123 4298 Hospiti0,
1210 4212 1294 4275 et
1344 4189 1852 4278 aedificanda
1938 4222 2186 4307 parva
2237 4190 2613 4276 Ecclesia
2649 4254 2679 4294 ‚
2760 4211 3009 4306 atque
3064 4180 3419 4276 ‘hortulo
3479 4197 3768 4309 jugera

384 4302 703 4393 scilicet
754 4299 926 4388 duo
977 4309 1303 4395 circiter
1336 4372 1360 4416 ‚
1413 4335 1661 4425 prout
1709 4310 2140 4426 praedium
2189 4309 2706 4428 praedictum
2758 4314 3461 4428 cum'quantitate
3510 4334 3770 4401 extra·

387 4420 722 4531 henda,
788 4420 943 4511 hac
993 4424 1556 4549 undequaque
1633 4433 1845 4518 linea
1903 4434 2151 4517 rubra
2237 4434 2545 4542 signata
2600 4428 2706 4515 ad
2755 4431 3097 4516 oculum
3170 4430 3509 4549 praebet
3564 4430 3771 4521 deli-

384 4546 664 4634 neatio
716 4543 981 4633 Nobis
1032 4546 1389 4637 exhibita
1429 4616 1453 4660 ‚
1521 4554 2086 4668 praesentibus
2140 4555 2433 4638 nostris
2484 4548 3072 4641 annectenda„

510 4662 924 4753 Secundo.
992 4669 1439 4760 Curabunt
1487 4705 1533 4761 e
1585 4696 1866 4761 contra
1918 4674 2034 4758 illi
2091 4702 2285 4759 cum
2335 4696 2500 4758 tota
2556 4671 2987 4759 Provincia
3017 4736 3044 4779 ‚
3077 4670 3184 4760 ad
3232 4678 3770 4793 permetipsos

387 4788 613 4909 ultro
661 4787 933 4877 oblata
985 4787 1611 4891 benefactorum
1663 4825 1951 4880 eorum
2002 4793 2573 4906 largitionibus
2625 4795 2885 4908 ipsam
2931 4792 3308 4881 Domum
3356 4797 3772 4884 Missionis

389 4904 743 5020 desuper
793 4908 1269 5018 aedificari,
1337 4940 1696 5035 quatuor
1775 4915 2117 5002 Patrum
2178 4914 2887 4999 Missionariorum
2950 4937 3201 5034 atque
3260 4919 3511 5001 unius
3577 4918 3774 5007 Fra·

386 5028 535 5113 tris
619 5025 805 5114 laici
893 5029 1383 5119 habitationi
1463 5036 1976 5148 congruam',
2042 5060 2127 5123 et
2204 5060 2535 5150 aptam,
2598 5030 2901 5121 additis
2962 5033 3294 5123 duobus
3356 5036 3769 5125 cubiculis

385 5144 901 5259 hospitibuS,
967 5182 1112 5237 seu
1165 5150 1384 5238 Patri
1439 5156 1932 5243 Provinciali
2005 5159 2189 5243 usui
2241 5154 2541 5242 futuris
2577 5218 2601 5264 ,
2669 5181 2988 5270 praeter
3050 5154 3699 5247 Refectoriolum
3736 5222 3762 5267 ‚

382 5268 778 5357 Culinam
835 5301 1029 5356 cum
1079 5299 1420 5385 poenu.‚
1507 5275 1829 5362 Cellam
1880 5279 2284 5365 vinariam
2336 5322 2393 5384 ,·
2428 5301 2512 5364 et
2561 5272 2791 5362 aliud
2855 5276 3766 5368 cubile·Bibliothecae

382 5395 975 5479 inserviturum
1008 5454 1034 5499 ‚
1099 5421 1463 5515 cumque
1526 5395 1861 5483 hortulo
1911 5394 2016 5483 ad
2068 5401 2634 5485 necessitatem
2668 5460 2692 5504 ‚
2759 5420 2844 5484 et
2883 5428 3135 5484 usum
3203 5397 3611 5505 Culinae,
3674 5404 3766 5488 in

383 5514 866 5630 ampliorem
914 5543 1117 5603 vero
1196 5513 1542 5604 formam
1630 5514 2106 5605 aedificium
2189 5550 2340 5608 nec
2418 5516 2793 5625 extrahi,
2863 5549 3020 5607 nec
3103 5516 3365 5634 redigi
3437 5522 3761 5638 possit;

382 5664 744 5753 quorum
796 5640 1131 5754 insuper
1188 5636 1821 5741 Benefactorum
1897 5636 2189 5749 donis,
2256 5666 2339 5731 et
2376 5639 2858 5759 sumptibus
2910 5665 3190 5753 surget
3270 5643 3577 5762 pariter
3625 5673 3764 5731 sa-

2579 5810 2586 5819 ·
2873 5761 2909 5843 1
2950 5766 2974 5847 i
3033 5793 3079 5846 α
