4834 6409
696 1596 749 1661 F
755 1594 1013 1663 undatio

658 1687 984 1756 Missionis

652 1780 971 1870 Gapucci-

658 1895 887 1938 norum
950 1897 1015 1939 ln

1040 375 1215 472 256

1043 500 1527 615 salisburgi
1546 497 1683 590 die
1725 497 2123 619 vigesima
2173 487 2578 587 secunda
2585 484 2892 587 mensis
2911 492 3130 599 Maii
3192 527 3413 586 anno
3461 476 3904 586 millesimo
3949 500 4448 659 ‘septingew¹

1039 627 1333 712 tesimo
1384 626 1800 736 trigesimo
1849 647 2095 711 sexto.

1162 740 1543 830 Andreas
1590 742 1952 833 Jacobus
2001 741 2305 828 Comes
2354 738 2480 826 de
2516 740 3109 830 Dietrichstein
3170 743 3691 857 Praepositus
3744 716 4425 897 salisburgensis.

1161 861 1637 979 Leopoldus
1685 866 2093 953 Ernestus
2148 861 2246 945 L.
2278 862 2371 945 Β.
2426 852 2533 946 de
2585 861 2962 953 Firmian
3004 862 3424 951 DecanuS.

1157 983 1650 1074 Franciscus
1701 986 2315 1074 Maximilianus
2386 978 2691 1071 Comes
2751 982 2860 1071 de
2913 985 3533 1072 Liechtenstein
3588 982 3972 1070 Senior.

1038 1218 1222 1315 Nos
1274 1218 1743 1340 Leopoldus
1786 1228 1964 1313 Del
2002 1229 2293 1345 grana
2343 1223 3101 1339 Archzepiscopus,
3147 1244 3236 1307 et
3274 1227 3706 1338 Eri'ncipzs
3738 1225 4430 1345 Salzsburgensz‘S,

1258 1347 1345 1431 S·
1400 1346 1635 1435 Sedcs
1708 1344 2249 1462 Apostolzcae
2314 1347 2679 1465 Legatus
2727 1345 3042 1453 Natus,
3100 1348 3439 1474 Przmas
3496 1348 4012 1432 Germaniae
4057 1366 4212 1431 etc·

1158 1594 1227 1692 S.
1290 1622 1374 1706 9.
1448 1590 2002 1677 Fet-ventibus
2067 1595 2281 1680 votis
2345 1594 2430 1677 in
2511 1583 2597 1671 id
2661 1586 2908 1672 unice
2985 1585 3510 1677 intendentes
3560 1651 3584 1689 ,
3648 1609 3747 1673 ut
3831 1585 4065 1674 hoste
4152 1590 4428 1672 nostro'

1040 1710 1077 1825 ζ
1118 1711 1567 1798 haereticos
1618 1709 2048 1798 seditiosos
2103 1709 2480 1797 subditos
2535 1729 2850 1793 nostros
2887 1706 3495 1827 intelligimus)
3532 1709 3717 1794 Deo
3754 1710 4211 1822 opitulante
4261 1713 4431 1824 jam

1044 1830 1376 1943 fugam,
1430 1830 1519 1916 id
1572 1830 1950 1917 deleatur
2015 1838 2349 1948 penitus
2387 1895 2409 1937 ,
2457 1854 2586 1915 ne
2650 1830 3009 1937 intrent,
3075 1853 3174 1914 ut
3250 1832 4010 1969 perhorrescimus,
4075 1851 4256 1945 post
4309 1826 4432 1912 di·-

652 1966 992 2033 Radtstatt
1044 1958 1538 2039 scessionem
1590 1975 1959 2037 nostram
2019 1958 2214 2038 novi
2265 1954 2443 2066 lupi
2516 1980 2844 2062 rapaces
2895 1953 3118 2061 gregi
3183 1981 3351 2036 non
3413 1970 3894 2062 parcentes,
3966 1974 4175 2037 neve
4236 1947 4431 2033 hae·

717 2212 776 2371 ’Ἰ

1047 2076 1241 2160 resis
1278 2137 1302 2180 ,
1357 2071 1749 2160 herculea
1801 2074 2063 2161 veluti
2120 2071 2380 2187 hydra
2435 2073 2727 2188 utique
2777 2101 2973 2168 eum
3023 2075 3334 2187 majore
3402 2071 3847 2182 Religionis
3883 2135 3913 2175 ,
3967 2102 4076 2156 -30
4117 2070 4430 2180 Regio-

1049 2197 1174 2278 nis
1228 2218 1549 2279 nostrae
1635 2195 2071 2308 periculo,
2138 2193 2629 2307 damnisque
2681 2194 3082 2276 continuo
3129 2192 3640 2305 repullulet,
3727 2218 4146 2309 novasque
4197 2187 4427 2276 iden*

1044 2311 1301 2400 tidem
1355 2317 1570 2402 vires
1625 2345 2124 2400 reassumere
2175 2335 2569 2418 attentet,
2634 2313 3117 2397 auctoritate
3167 2336 3440 2399 nostra
3515 2311 4280 2454 Archiepiscopali,
4343 2331 4430 2396 et

1044 2434 1494 2551 principali
1538 2437 2059 2540 clementer,
2122 2457 2208 2522 et
2259 2433 2596 2518 insimul
2679 2434 2890 2517 serio
2941 2433 3421 2518 Paternitati
3504 2457 3693 2518 tuae
3771 2435 4424 2578 com-mittimuS,

1050 2578 1513 2673 quatentm,
1600 2580 1814 2675 quae
1886 2580 2071 2669 post
2141 2556 2519 2640 ultimam
2603 2551 3207 2638 haereticorum
3272 2555 3918 2665 emigrationem
3947 2558 4062 2637 in
4105 2548 4428 2638 Praefe-

1047 2698 1281 2779 ctura
1333 2700 1607 2761 nostra
1667 2673 2268 2762 Radtstadiensi
2321 2704 2466 2787 per
2522 2670 2803 2759 Patres
2868 2671 3211 2757 Ordinis
3266 2677 3385 2759 tui
3441 2677 3720 2760 Sancti
3779 2673 4198 2760 Francisci
4264 2670 4428 2756 Ca·

974 2778 995 2793 ⁹
1043 2797 1596 2911 puccinorum
1673 2817 1841 2882 tam
1898 2795 2476 2899 laudabiliter,
2544 2814 2944 2911 tantoque
2995 2797 3458 2878 animarum
3508 2791 3787 2879 fructu
3842 2798 4276 2908 inceptae,
4344 2814 4430 2877 et

654 3743 856 3837 Leges
873 3750 1018 3817 Mis·

653 3863 949 3908 nonar-ua

654 3936 972 4022 praescri-

654 4039 817 4120 ptae.

1042 2939 1529 3030 prosecutae
1578 2914 1811 3003 fuere
1862 2917 2325 3023 catecheses
2362 2979 2384 3019 ,
2476 2935 2558 2998 et
2606 2918 3121 3029 excursiones
3175 2916 3290 3000 sic
3341 2918 3718 2999 instituas
3755 2978 3780 3019 ,
3867 2938 3962 3001 ut
4001 2917 4240 3000 omni
4295 2911 4426 2998 fu-

1041 3059 1230 3123 tura
1280 3062 1544 3123 aetate
1627 3035 2103 3151 perdurent.
2186 3034 2600 3119 Volumus
2620 3035 3128 3179 siquidem,
3195 3059 3275 3122 et
3346 3036 3551 3142 tibi,
3620 3059 3869 3153 atque
3947 3036 4431 3122 successori·

1008 3156 1204 3239 hus
1255 3159 1456 3263 tuis,
1544 3156 1769 3242 hisce
1820 3160 2116 3242 nostris
2195 3185 2568 3269 expresse
2618 3157 3215 3269 injungimus‚·
3275 3099 3551 3273 quod
3570 3186 3762 3241 cum
3828 3155 4433 3240 Monasterium

1045 3275 1793 3390 Capuccinorum
1771 3310 1855 3362 m
1946 3275 2355 3362 Radtstatt
2408 3308 2452 3360 a
2507 3274 3283 3361 praedecessoribus
3355 3279 3649 3360 nostris
3729 3274 3832 3362 ad
3913 3272 4430 3389 repellendas

1043 3394 1417 3484 haereses
1465 3399 2030 3513 principaliter
2077 3397 2328 3483 fuisse
2405 3393 2852 3481 fundatum
2919 3393 3450 3505 dignoscatur
3487 3460 3510 3501 ,
3592 3393 3763 3482 duo
3815 3428 4139 3511 semper
4188 3399 4270 3479 in
4327 3425 4430 3480 eo

1043 3517 1539 3603 subsistant
1577 3515 1679 3603 ad
1745 3514 2306 3632 peragendum
2375 3517 2906 3632 Apostolicae
2966 3462 3381 3602 Missionis
3447 3548 3753 3603 munus
3806 3520 3891 3602 in
3949 3514 4420 3604 Praefectu-

1047 3668 1133 3722 ra
1187 3669 1376 3723 mox
1426 3637 1646 3725 dicta
1680 3636 2032 3745 idonei,
2085 3661 2168 3725 et
2218 3641 2447 3752 apti,
2488 3660 2734 3723 erunt
2785 3667 2985 3723 vero
3034 3636 3158 3722 illi

1164 3772 1238 3867 g.
1315 3790 1440 3843 ro.
1505 3759 1815 3843 Primo.
1870 3702 2032 3845 Vei
2080 3792 2123 3844 a
2177 3762 2525 3844 Summo
2588 3755 2994 3843 Pontifice
3028 3820 3058 3861 ,
3136 3759 3270 3844 vel
3350 3792 3393 3843 a
3465 3759 3709 3845 Sacra
3761 3742 4424 3871 Congregatione

1047 3875 1154 3964 de
1224 3879 1816 3993 propaganda,
1898 3911 2042 3965 seu
2124 3879 2229 3962 ab
2298 3908 2400 3963 eo
2439 3941 2462 3983 ,
2537 3884 2671 3962 cui
2729 3879 2907 3963 talis
2960 3876 3485 3989 delegabitur
3545 3877 3891 3965 facultas
3930 3943 3954 3986 ,
4031 3878 4434 4022 approba-

1045 4001 1167 4103 ti,
1233 4004 1875 4117 necessariisque
1953 3997 2058 4083 ad
2108 3999 2541 4084 Missiones
2620 4000 3137 4113 Apostolicas
3212 3998 3662 4113 privilegiis
3744 4004 4200 4106 instructi,
4269 4028 4428 4084 nec

1043 4122 1255 4226 sibi,
1334 4123 1466 4207 vel
1531 4120 2139 4211 successoribus
2201 4123 2368 4203 suis
2476 4124 2888 4231 integrum
2975 4123 3193 4225 erit,
3263 4141 3699 4262 postquam
3782 4121 3896 4205 illi
3951 4110 4203 4208 semel
4254 4117 4434 4230 fue-

1045 4243 1211 4326 rint
1286 4238 1391 4327 ad
1456 4241 1887 4326 Missiones
1951 4263 2262 4325 nostras
2315 4237 2678 4346 delecti,
2748 4270 2884 4326 eos
2935 4271 3379 4347 amovere,
3451 4244 3666 4347 nisi,
3748 4243 3894 4325 ubi
3971 4245 4216 4356 primi
4305 4243 4432 4325 in-

1030 4384 1368 4472 tegrum
1421 4360 1924 4446 absolverint
1986 4391 2326 4445 annum.
2384 4362 2986 4472 subrogatione
3036 4424 3059 4464 ,
3131 4384 3210 4446 et
3264 4364 3944 4502 praesentatione
4007 4358 4429 4465 subinde,

1045 4504 1295 4599 atque
1346 4484 1819 4569 successivis
1868 4476 2319 4594 perpetuis
2384 4482 2894 4622 temporibus
2959 4512 3047 4566 ea
3131 4484 3452 4569 ratione
3514 4480 3885 4570 facienda
3923 4544 3946 4587 ‚
4042 4507 4141 4568 ut
4212 4513 4432 4566 unus

1043 4605 1178 4686 vel
1229 4603 1515 4704 saltem
1555 4600 1818 4706 adsit,
1850 4605 2018 4720 qui
2072 4605 2237 4713 jam
2288 4632 2435 4715 per
2473 4633 2786 4687 annum
2840 4605 2921 4684 in
2981 4604 3419 4743 praemisso
3472 4599 3802 4687 Ordini
3837 4626 3979 4687 tuo
4042 4602 4418 4715 adsigna·-

1043 4744 1131 4805 to
1183 4719 1560 4807 districtu
1616 4723 2108 4807 Missionarii
2193 4729 2651 4810 exercuerit
2704 4752 3072 4825 munus,
3143 4745 3377 4806 notos
3461 4721 3764 4809 habeat
3834 4720 4359 4809 subditorum
4397 4787 4421 4830 ,

1042 4867 1128 4927 et
1196 4845 1655 4955 incolarum
1737 4864 2004 4930 mores
2055 4906 2078 4947 ,
2148 4843 2254 4927 sit
2328 4846 2415 4927 in
2487 4875 2570 4929 re
2625 4843 3118 4929 Missionum
3203 4846 3671 4955 practicus,
3760 4859 4220 4964 potensque
4305 4848 4432 4929 in-

1043 4986 1361 5050 struere
1414 4969 1735 5050 noviter
1786 4965 2362 5067 advenienteS,
2444 4988 2525 5049 et
2578 4995 2788 5081 quos
2870 4992 3020 5075 pro
3074 4986 3470 5076 tempore
3527 4965 4084 5051 Missionarios
4152 4962 4432 5084 quoad

924 5136 931 5143 -
1041 5115 1188 5189 ea,
1261 5115 1475 5202 quae
1525 5085 1938 5169 Missionis
2013 5113 2323 5168 munus
2371 5105 2961 5187 concernunt,
3018 5081 3544 5190 immediate,
3612 5109 3695 5170 et
3765 5088 4006 5172 unice
4073 5088 4436 5189 nostris,

1041 5229 1679 5324 nostrorumque
1744 5205 2325 5292 successorum
2396 5203 2854 5290 mandatis.
2929 5201 3207 5323 quoad
3285 5201 3803 5320 disciplinam
3889 5209 4431 5292 monasticam

1036 5355 1238 5413 ‚vero
1294 5325 1514 5431 sibi,
1578 5349 1662 5413 et
1709 5317 2192 5412 Guardiano
2244 5354 2534 5410 eorum
2582 5326 3032 5430 volumus,
3099 5349 3182 5411 et
3231 5327 3575 5410 sinimus
3627 5357 3798 5411 esse
3829 5324 4304 5442 subjectos.

1166 5444 1577 5531 Secundo.
1646 5446 1968 5531 Horum
2021 5448 2736 5534 Missionariorum
2798 5474 3043 5560 porro
3094 5444 3340 5531 unica
3393 5476 3587 5532 eura
3649 5450 3861 5553 erit,
3929 5452 4431 5534 incessanter

1039 5570 1254 5662 intra
1305 5564 1825 5693 praedictum
1911 5544 2559 5661 Radtstadiensis
2601 5610 2602 5613 ι
2647 5565 3221 5659 Praefecturae
3295 5560 3815 5676 districtum,
3897 5565 4003 5656 de
4079 5570 4271 5656 -loco
4324 5564 4430 5654 ad
4507 5571 4515 5584 '
