4834 6409
388 647 397 666 ,
452 545 1159 673 Quadragesimae
1189 619 1213 664 ,
1264 576 1352 643 et
1400 549 1577 640 aliis
1625 544 2143 667 temporibus
2190 545 2662 633 stationum
2708 539 2970 631 Urbis
3013 535 3671 648 Dominicisret
3721 538 3840 629 fe·

459 690 576 772 ria
628 705 844 788 sexta
900 676 1199 772 diebus
1244 676 1811 779 visitaverint,
1875 668 2208 758 easdem
2285 696 2573 754 omnes
2604 728 2637 771 ,
2685 686 2771 752 et
2816 664 3180 776 singulas
3256 661 3837 775 Indulgentias

468 799 1046 905 concedimus,
1111 828 1313 916 quas
1375 783 2131 912 consequerentur,
2198 790 2266 873 si
2339 786 2818 892 Ecclesiae,
2876 801 2959 872 et
3007 784 3393 872 Basilicas
3441 783 3844 871 Urbisin

463 922 759 1011 diebus
812 907 1280 1012 Stationum
1367 910 1847 1038 hujusmodi
1923 908 2229 999 devote
2292 910 2773 1017 visitarent3
2839 905 3225 1025 illisque,
3288 906 3433 1023 qui
3499 904 3843 1016 singul-is

464 1045 767 1131 diebus
812 1029 1060 1132 feriae
1110 1059 1379 1124 sextae
1427 1031 1742 1152 primae
1805 1026 2381 1118 hebdomadae
2423 1032 2869 1147 'cu'jusque
2918 1027 3223 1114 mensis
3286 1020 3620 1113 easdem
3668 1021 3841 1114 Ee-

469 1167 749 1251 clesias
795 1155 1097 1246 devote
1141 1158 1661 1245 visitaverint
1692 1217 1719 1261 ,
1784 1175 1867 1241 et
1917 1152 2036 1237 ibi
2089 1151 2540 1272 qninquioe
2609 1151 3062 1236 orationem
3112 1145 3645 1234 Dominicam
3682 1209 3709 1254 ,
3761 1167 3848 1234 et

474 1285 712 1369 toties
772 1279 1349 1366 salutationem
1384 1273 2087 1388 'Angelicampro
2136 1271 2629 1357 exaltatione
2690 1265 2931 1356 Fidei
2993 1265 3474 1354 Catholicae
3557 1270 3848 1355 recita-'-

473 1405 749 1490 verint
785 1463 811 1507 ,
861 1421 1176 1513 septem
1228 1424 1540 1483 annos:
1588 1393 1712 1479 'In'
1767 1391 1993 1479 festis
2039 1422 2237 1479 vero
2282 1390 2394 1474 D.
2450 1388 2552 1475 N.
2608 1387 2808 1476 Jesu
2858 1386 3168 1475 Christi
3205 1452 3231 1495 ,
3297 1418 3392 1475 ac
3442 1388 3535 1471 B.
3576 1379 3845 1499 Virgi'-

479 1525 610 1608 nis
645 1584 670 1628 ,
726 1520 1365 1634 Apostolorum,
1429 1515 1586 1600 sub
1637 1517 1877 1631 cujus
1938 1513 2226 1597 Titulo
2270 1510 2654 1597 Ecclesia
2713 1509 3134 1617 consistit,
3189 1505 3478 1596 'decem
3530 1537 3849 1620 annos-3

478 1641 635 1726 His
683 1663 957 1726 autem
997 1700 1021 1745 ,
1076 1640 1219 1755 qui
1273 1638 1637 1754 aliquam
1690 1635 1790 1721 e'x
1824 1631 2064 1719 dictis
2115 1632 2512 1719 Ecclesiis
2560 1651 3000 1751 postquam
3048 1627 3458 1735 confessi,
3528 1629 3854 1717 SS.Eu-

486 1760 913 1846 charistiae
966 1760 1593 1844 Sacramentum
1645 1755 2146 1868 sumpserint
2179 1814 2206 1859 ,
2265 1752 2835 1857 visitaverint,
2902 1752 3138 1838 toties
3199 1752 3494 1862 viginti
3549 1781 3850 1862 annos3

495 1884 623 1965 Ac
673 1876 964 1965 iisdem
1015 1877 1323 1962 Christi
1360 1873 1752 1961 fidelibus
1800 1875 2232 1990 utriusque
2278 1866 2572 1959 Indiae
2603 1935 2636 1978 ,
2670 1893 2755 1958 et
2804 1871 3584 1959 Transmarinorum
3642 1870 3859 1956 limi-

482 2022 662 2083 tum
692 2064 723 2102 ,
774 2003 919 2116 qui
976 1996 1634 2113 processionibus
1671 2055 1697 2100 ,
1760 2016 1845 2080 et
1892 1993 2279 2107 precibus
2325 1996 2554 2108 juxta
2604 1992 3026 2078 Ritum'S.
3067 1992 3167 2077 R.
3218 1992 3320 2076 E.
3377 2025 3420 2079 a
3469 1991 3860 2106 praefatis

487 2118 1004 2232 Presbyteris
1055 2113 1163 2203 de
1200 2113 1835 2199 ordinariorum
1887 2113 2219 2199 licentia
2268 2109 2850 2217 instituendis,
2915 2134 3000 2199 et
3032 2110 3371 2226 agendis
3422 2110 3854 2221 Indorum,

481 2260 563 2324 et
628 2238 1143 2351 Aethiopum
1172 2299 1196 2341 ,
1234 2267 1379 2320 seu
1429 2234 1918 2355 quorumvis
1964 2232 2315 2320 aliorum
2362 2231 2999 2349 Neophytorum
3028 2296 3061 2339 ,
3097 2258 3182 2322 et
3217 2233 3565 2322 aliorum
3617 2230 3863 2318 Chri·

484 2359 943 2442 stianorum
1014 2350 1604 2458 interfuerint,
1666 2376 1753 2442 et
1830 2382 1965 2439 eas
2029 2355 2671 2460 associaverint,
2733 2351 3291 2441 Christianam
3364 2353 3861 2439 Doctrinam

487 2506 680 2559 cum
735 2473 1044 2561 eisdem
1109 2475 1679 2587 Presbyteris,
1740 2472 1874 2559 vel
1937 2472 2049 2557 ab
2128 2474 2245 2558 eis
2293 2470 2711 2588 deputatis
2791 2476 3319 2564 recitaverint
3367 2536 3393 2581 ,
3478 2472 3614 2560 vel
3699 2476 3864 2587 pri·

484 2596 738 2680 vatim
790 2592 1228 2683 docuerint
1256 2658 1281 2700 ,
1346 2595 1683 2713 quoties
1721 2588 1807 2676 id
1845 2589 2227 2699 fecerint,
2273 2619 2597 2709 septem
2641 2625 2934 2702 annos,
2981 2617 3066 2682 et
3113 2592 3462 2682 totidem
3513 2589 3866 2713 quadra·

487 2745 799 2824 genas3
867 2714 1426 2803 Invisentibus
1476 2711 1751 2798 autem
1804 2707 2240 2817 Infirmos,
2291 2734 2377 2797 et
2424 2717 2900 2827 praesertim
2953 2711 3352 2801 Indorum
3403 2711 3864 2828 Hospitalia

489 2832 1042 2922 Xenodochia
1080 2897 1105 2942 ,
1171 2858 1254 2921 et
1308 2835 1464 2920 alia
1515 2832 1809 2917 similia
1865 2830 2281 2918 Loca'Pia
2311 2894 2337 2938 ,
2401 2834 2594 2947 ipsis
2644 2834 2893 2920 etiam
2945 2830 3292 2918 infirmis
3340 2865 3487 2948 per
3535 2861 3673 2937 se,
3722 2832 3865 2921 vel

489 2955 745 3038 ali-um
795 2951 1340 3040 ministrando
1377 3015 1401 3060 ,
1464 2953 1808 3063 singulis
1857 2949 2208 3059 diebus,
2249 2952 2555 3071 quibus
2604 2950 2691 3037 id
2743 2950 3088 3040 fecerint
3122 2956 3415 3065 viginti
3454 2955 3865 3072 quinque,

492 3077 636 3192 qui
690 3104 886 3160 vero
963 3073 1069 3159 ad
1120 3072 1487 3159 infirmos
1536 3068 2020 3160 accedentes
2083 3072 2199 3157 ibi
2278 3076 2948 3188 pernoctaverint
3023 3076 3648 3194 quinquaginta.
3714 3072 3865 3158 Eis

492 3194 742 3278 etiam
792 3196 936 3311 qui
991 3226 1265 3280 coram
1326 3196 1417 3277 Β.
1472 3192 1784 3278 Mariae
1832 3191 2201 3305 Imagine
2251 3193 2357 3278 ab
2420 3194 2666 3280 Alma
2728 3194 2967 3281 Urbe
3019 3191 3124 3281 ad
3195 3194 3667 3307 Collegium
3721 3192 3866 3280 Ci-

452 3314 763 3398 'vitatis
815 3312 1104 3400 Limae
1169 3316 1251 3398 in
1306 3308 1524 3400 Peru
1581 3311 1748 3432 (ut
1795 3309 2249 3431 asseritur)
2312 3307 2583 3401 delata
2659 3314 3023 3402 Tertiam
3080 3314 3392 3401 Rosarii
3478 3338 3796 3429 partem
3834 3377 3884 3420 ,-

488 3432 624 3518 vel
673 3431 1089 3518 Coronam
1146 3435 1671 3522 recitaverint
1704 3496 1728 3540 ,
1800 3455 2138 3519 centnm
2204 3435 2579 3520 similiter
2634 3430 2810 3520 dies
2858 3432 2964 3522 de
3012 3438 3419 3550 injunctis
3472 3437 3589 3522 eis
3625 3498 3651 3544 ,
3718 3466 3865 3523 seu

494 3551 691 3637 alias
739 3552 1373 3671 quomodolibet
1423 3551 1724 3640 debitis
1773 3556 2306 3667 poenitentiis
2351 3556 2442 3639 in
2493 3551 2753 3641 forma
2801 3554 3227 3644 Ecclesiae
3298 3578 3706 3643 consueta·
3744 3585 3866 3641 re-

495 3672 908 3781 laxamus,
975 3705 1080 3759 ae
1122 3677 1573 3788 respective
1625 3669 2157 3774 concedimus
2185 3737 2210 3783 ,
2273 3698 2359 3760 et
2404 3671 2955 3792 indulgemus.
2995 3677 3425 3765 Praeterea
3489 3672 3868 3790 ejusdem

499 3792 928 3878 Societatis
987 3792 1190 3881 Jesu
1274 3789 1928 3882 provincialibus
1964 3855 1995 3900 5
2052 3796 2187 3881 vel
2236 3795 2345 3881 ab
2422 3797 2539 3882 eis
2599 3792 3010 3908 deputatis
3096 3797 3614 3912 Presbyteris
3671 3828 3866 3882 cum

494 3909 956 4026 Neophytis
1020 3915 1654 4004 Provinciarum
1740 3917 2171 4032 utriusque
2236 3912 2580 4023 Indiae,
2661 3917 3174 4037 aliarumque
3243 3917 3495 4006 Maris
3548 3917 3864 4002 Oceani
3913 3920 4282 4030 pispensv-

500 4029 963 4142 Regionum
997 4099 1020 4141 ,
1078 4040 1159 4121 in
1229 4035 1536 4153 quibus
1594 4037 1816 4121 inter-
1878 4030 2277 4123 Infideles
2317 4031 2644 4122 Fideles
2706 4038 3128 4143 existunt,
3194 4063 3275 4125 et
3327 4070 3493 4124 non
3562 4013 4261 4170 αάειιοῑῖωῗζῧᾶῗψ

500 4148 929 4260 Ordinarii
993 4156 1348 4241 similem
1425 4152 1900 4242 facultatem
1982 4150 2460 4262 habentes,
2509 4156 2649 4243 vel
2718 4157 2933 4244 ultra
2983 4155 3188 4245 duas
3239 4157 3553 4264 dictas,
3639 4161 3861 4271 juxta
3889 4128 4249 4285 lxieu‘i’gen·

504 4273 875 4356 Genstir.
912 4272 1050 4360 fel.
1106 4306 1265 4361 rec.
1320 4276 1555 4360 Pauli
1610 4273 1765 4357 Ill.
1817 4270 2121 4361 editam
2172 4279 2535 4362 existunt
2580 4279 2669 4362 in
2719 4293 3280 4399 quocumque*
3317 4312 3482 4394 seu·
3529 4278 3869 4398 quibus·
3895 4290 4012 4356 dae
4108 4304 4268 4355 sunt

490 4393 681 4498 vis,
752 4422 917 4478 non
972 4418 1246 4481 tamen
1301 4397 1385 4479 in
1437 4398 1705 4511 primo
1756 4398 2548 4507 consanguinitatis,
2592 4397 2731 4484 vel
2779 4394 3205 4486 affinitatis·
3247 4397 3640 4511 gradibus
3671 4400 3868 4507 ,vel
3894 4387 4070 4469 juxta
4133 4379 4271 4536 sm}

503 4511 699 4596 alias
744 4518 1220 4628 conjunctis
1252 4578 1277 4618 ,
1340 4547 1484 4602 seu
1534 4546 1621 4602 se
1658 4516 2198 4604 attinentibus
2223 4578 2256 4620 ,
2324 4539 2420 4603 ut
2469 4519 3086 4606 matrimonium
3139 4524 3358 4607 inter
3403 4554 3492 4608 se
3555 4543 3875 4608 contra·
3899 4495 4240 4633 ffloehe

504 4631 703 4718 here
741 4695 764 4739 ,
831 4665 975 4720 seu
1028 4637 1112 4720 in
1167 4667 1267 4722 eo
1349 4639 1596 4725 etiam
1657 4633 2012 4724 scienter
2084 4658 2510 4725 contracto
2559 4699 2586 4746 ,
2640 4668 3064 4728 remanere
3127 4643 3457 4730 valeant
3531 4645 3621 4727 in
3696 4639 3876 4728 soro
3901 4658 4180 4723 duorum

509 4756 1057 4842 conscientiae
1106 4779 1429 4843 tantum
1493 4759 1741 4869 gratis
1788 4779 2060 4843 tamen
2112 4754 2677 4874 dispensandI:
2746 4783 2830 4847 et
2882 4765 3219 4877 insuper
3283 4760 3597 4848 ibidem
3661 4763 3880 4848 loeo·
3905 4749 4210 4859 erevium

506 4903 693 4957 rum
746 4872 1272 4985 Ondinariis,
1336 4899 1435 4963 ut
1484 4873 1590 4963 de
1644 4876 2862 4989 presbyterorum-eorumdem
2913 4904 3312 5001 tanquam
3374 4840 4298 5000 adjutorum,{’3¹¹}„‘·¹⁰‘310

507 5012 591 5078 et
639 5023 1149 5081 assessorum·
1182 5028 1518 5083 snorum
1571 4999 1658 5116 in
1710 4998 1911 5086 locis
1961 4997 2343 5113 praelatis
2371 5063 2419 5107 ,.
2463 5025 2548 5086 et
2586 5000 2728 5086 ubi
2783 5032 3069 5089 eorum
3112 5003 3546 5091 commode
3596 5025 3883 5119 potue·
3913 5024 4139 5091 mentis
4159 5024 4280 5093 xl.

506 5114 613 5198 rit
671 5110 958 5224 haberi
1014 5120 1313 5231 copia,
1367 5115 1770 5226 consilio,
1828 5141 1921 5206 et
1983 5150 2176 5206 cum
2229 5121 2397 5205 illis
2441 5124 2693 5207 etiam
2743 5124 2829 5208 i'n
2895 5121 3273 5238 judiciali
3327 5123 3564 5246 foro)
3619 5126 3706 5209 in
3764 5154 3885 5211 re·
3913 5118 4120 5224 datis·
4163 5140 4304 5230 29·-

506 5227 753 5352 liquis
788 5257 1063 5322 autem
1105 5237 1559 5325 Provinciis
1605 5235 1991 5354 praefatis
2024 5236 2670 5328 ordinariorum
2721 5247 3204 5358 praesentia·
3244 5245 3712 5352 desti-tutis,
3751 5246 3887 5334 vel
3918 5210 4310 5368 {xll'rffgs'

506 5351 779 5439 abeis
829 5356 1046 5443 ultra
1129 5353 1336 5445 duas
1383 5355 1669 5445 dietas·
1701 5359 2185 5473 praefatas‚.
2224 5392 2422 5447 non.
2475 5365 2753 5448 minus
2817 5362 3204 5454 ducentis
3275 5363 3656 5466 millibus
3707 5398 3884 5482 pas·
3926 5351 4113 5487 17‘01.

507 5491 773 5559 suum·
809 5479 1151 5564 remotis
1204 5478 1868 5602 provincialibus
1902 5545 1939 5590 ,-
1993 5485 2079 5570 et
2144 5482 3900 5604 Deputatis·presbyteris-praefatis,cum·
3950 5551 3957 5558 -

504 5589 818 5684 eisdem
864 5596 1407 5720 Neophytis„
1446 5631 1641 5693 non·
1672 5622 1951 5732 tamen
2000 5605 2438 5728 itt-primo·
2472 5602 2796 5736 gradu,
2851 5608 2948 5699 ,in
2997 5628 3355 5731 utroque
3403 5605 3585 5699 foro
3635 5610 3910 5737 gratis-
