4834 6409
1064 544 1568 679 nasterioin
1599 557 1827 647 aliud
1877 558 2249 675 ejusdem
2291 570 2495 652 suae'
2544 565 3165 655 Provinciaeex
3214 595 3456 653 causa
3508 561 4015 665 rationabili,
4040 582 4309 673 prout
4337 562 4431 647 in

1059 685 1431 770 Domino
1477 678 1863 796 expedire
1924 679 2471 795 judicaverit,
2542 719 2700 800 pro
2784 685 3214 773 residentia
3294 691 3653 790 mittere,
3708 683 3840 769 vel
3905 678 4347 767 transferre
4392 741 4427 785 ,

1060 806 1310 891 etiam
1357 805 1538 888 sine
1572 831 1975 886 consensu
2026 802 2384 887 Abbatis-
2428 812 2857 924 utriusque
2907 809 3415 913 monasterii,
3455 809 3563 891 ita
3617 827 3922 901 tamen,
3973 825 4072 887 nt
4116 800 4224 885 de
4270 798 4431 886 hac.

1061 921 1666 1009 Monachornm
1737 923 2134 1017 missione
2181 985 2206 1028 ,
2269 927 2404 1010 vel
2484 929 3015 1013 translatione
3094 928 3365 1013 literas
3444 946 3811 1041 patentes
3876 951 4028 1006 suo
4094 919 4423 1030 sigillo,

1059 1071 1522 1159 manusque
1581 1038 2181 1153 subscriptione
2233 1049 2594 1151 munitas
2645 1044 3051 1133 conficiat.
3091 1045 3278 1131 Non
3332 1066 3600 1160 potest
3645 1066 3921 1128 autem
3976 1037 4429 1126 Monachus

1061 1162 1220 1248 sibi
1268 1162 1683 1273 subjectos
1736 1156 1841 1245 ad
1891 1162 2382 1249 Monasteria
2436 1164 2804 1253 diversae
2856 1165 3340 1251 Provinciae
3372 1196 3522 1277 pro
3576 1159 4008 1248 residentia
4074 1162 4423 1265 mittere,

1060 1284 1200 1367 vel
1260 1277 1722 1384 transferre,
1787 1280 1937 1362 nisi
1993 1276 2101 1364 de
2150 1313 2553 1371 consensu
2615 1287 2966 1372 Abbatis
3029 1283 3484 1371 Generalis.
3559 1279 3724 1368 Sed
3788 1311 3939 1396 pro
4004 1283 4345 1389 negotiis
4395 1342 4422 1383 ,

1064 1398 1211 1487 aut
1259 1398 1877 1487 necessitatibus
1912 1398 2392 1489 Provinciae
2442 1437 2664 1508 suae,
2715 1406 2849 1493 vel
2897 1405 3260 1517 alicujus
3305 1403 3782 1489 Monasterii
3832 1400 3988 1484 sibi
4042 1394 4467 1512 subjecti,

1061 1542 1330 1636 potest
1379 1516 1829 1604 Monachos
1891 1513 1996 1602 de
2069 1550 2210 1605 sua
2289 1522 2722 1611 Provincia
2772 1522 3170 1609 ad.aliam
3222 1526 3546 1609 mittere
3614 1550 3806 1607 curn
3878 1521 4130 1605 literis
4194 1525 4431 1603 testi-

1067 1639 1590 1742 monialibus»,
1639 1639 1727 1720 in
1800 1636 2105 1753 quibus
2156 1670 2485 1728 causam
2535 1642 2964 1755 significet,
3033 1667 3525 1758 tempusque
3572 1639 4424 1727 reversionis'limitet.
4526 1730 4533 1734 ,

1060 1759 1209 1842 vl.
1274 1755 1725 1847 Monachos
1787 1756 2276 1847 Provinciae
2323 1794 2519 1850 suae
2572 1796 2842 1881 neque
2906 1758 3407 1875 suspendere
3442 1826 3467 1862 ,
3532 1765 3810 1878 neque
3871 1760 4432 1845 excommuni-

1066 1909 1250 1964 care
1325 1900 1650 1991 potest,
1716 1897 1860 1959 aut
1920 1906 2196 1962 casum
2255 1882 2633 2002 aliquem
2709 1885 2866 1969 sibi
2927 1886 3013 1967 in
3082 1878 3623 1967 Confessione
3705 1906 4115 1965 reservare
4164 1940 4190 1982 ,
4252 1879 4427 1963 sine

1060 1997 1414 2082 Abbatis
1465 1993 1890 2080 Generalis
1941 1994 2331 2109 licentia3
2397 2003 2544 2091 sed
2593 2035 2729 2090 eos
2782 2034 3059 2115 regere
3096 2062 3122 2106 ,
3161 2023 3245 2087 et
3293 1999 3663 2113 judicare
3732 1995 3983 2083 debet
4047 2030 4151 2084 ex.
4192 2027 4422 2109 prae-

1062 2141 1301 2226 cepto
1354 2115 1742 2225 Regulae,
1793 2137 1875 2199 et
1923 2114 2663 2231 Constitutionum‚
2715 2125 2802 2209 in
2855 2123 3161 2242 quibus
3223 2118 3699 2237 dispensare
3748 2119 4078 2233 nequit,
4128 2114 4423 2203 eodem

1059 2234 1389 2321 Abbate
1438 2233 1828 2321 Generali
1878 2236 2375 2329 inconsulte.

2420 2430 2492 2566 c
2559 2484 2630 2567 A
2703 2481 2792 2566 P.
2910 2482 3058 2565 vl.

2184 2666 2323 2803 De
2381 2720 2715 2808 Abbate
2766 2723 3303 2808 Monasterii.

1067 3018 1078 3031 -
1196 2957 1262 3043 1.
1340 2955 1626 3041 Abbas
1701 2953 2184 3042 Monasterii
2253 2958 2589 3070 eligitur
2657 2966 2742 3048 in
2822 2959 3482 3070 congregatione
3555 2956 4236 3068 Hegnmenorum
4280 2953 4424 3040 ab

1059 3077 1386 3164 Abbate
1435 3074 1823 3161 Generali
1860 3137 1885 3180 ,
1940 3098 2021 3162 et
2072 3107 2113 3159 a
2168 3103 2524 3194 quatuor
2571 3082 3126 3193 Hegumeni5‚
3167 3101 3248 3162 et
3312 3110 3355 3163 a
3427 3077 3732 3194 quibus
3781 3081 4040 3164 etiam.
4080 3105 4249 3160 non
4298 3103 4432 3160 ex·

1052 3196 1275 3310 pleto
1327 3195 1684 3278 triennio
1756 3195 1866 3279 ob
1919 3196 2368 3304 legitimam
2423 3231 2751 3287 causa-m
2824 3204 2929 3287 ab
3014 3196 3323 3283 Officio
3390 3194 3839 3310 suspendi,
3918 3219 4059 3282 aut
4122 3192 4430 3307 deponi

1162 3316 1372 3400 terit.
1440 3310 1550 3394 ΙΙ.
1618 3315 2091 3431 Antequam
2150 3314 2461 3404 Officio
2510 3350 2662 3406 suo
2715 3319 3161 3433 fungatur,
3225 3315 3494 3402 literas
3541 3312 4104 3428 praefecturae
4158 3335 4428 3399 osten-

1043 3342 1195 3519 Ξὲῑ
1253 3429 1687 3518 Monachis
1723 3492 1748 3535 ,
1814 3463 2115 3547 easque
2182 3439 2264 3547 in
2356 3439 2694 3551 public'o
2744 3442 2929 3528 loco
3013 3439 3170 3547 legi
3222 3434 3489 3521 faciat.
3553 3434 3670 3519 Et
3729 3439 3796 3518 si
3879 3434 4167 3531 Abbas
4232 3432 4429 3516 Pro·

1045 3554 1369 3640 vinciae
1417 3550 1503 3635 in
1553 3547 1856 3636 'eodem
1902 3552 2401 3642 Monasterio
2449 3585 2826 3645 versetur
2859 3623 2884 3666 ,
2951 3557 3071 3644 illi
3138 3586 3268 3643 eas
3338 3576 3803 3667 praesentet
3851 3589 3875 3663 3
3938 3553 4071 3639 vel
4138 3581 4423 3638 earum

1047 3672 1462 3784 exemplar
1508 3669 1773 3780 sigillo
1823 3671 2301 3760 Monasterii
2357 3681 2774 3764 munitum
2825 3677 2932 3765 ad
2981 3675 3222 3761 illum
3280 3677 3555 3758 mittat
3590 3735 3613 3777 ,
3678 3677 3746 3758 si
3795 3674 4090 3758 absens
4140 3669 4413 3758 fuerit.

1044 3791 1498 3908 Postquam
1560 3817 1761 3874 vero
1829 3787 2110 3877 literae
2186 3793 2868 3908 congregationis
2946 3797 3630 3905 Hegumenorum
3709 3792 3972 3878 lectae
4046 3790 4356 3875 fuerint
4392 3851 4423 3893 ,

1049 3906 1438 3996 monachi
1490 3936 1775 3994 omnes
1838 3939 2116 3996 coram
2182 3943 2280 3998 eo
2328 3917 2894 4025 genuflectant
2926 3982 2955 4022 ‚
3016 3918 3367 4031 ejusque
3418 3935 3812 4030 tanquam
3879 3910 4231 3996 Abbatis
4278 3908 4428 3994 be-

1048 4028 1609 4122 nedictionem
1659 4051 2023 4139 poscant.
2091 4031 2274 4147 Ipse
2324 4066 2525 4121 vero
2575 4071 2615 4123 a
2676 4038 3309 4124 praedecessore
3371 4062 3576 4134 suo,
3641 4031 3778 4117 vel
3846 4032 4184 4116 Vicario
4244 4033 4423 4140 ejus

1047 4150 1528 4240 Monasterii
1577 4148 1958 4257 Sigillum
1995 4210 2019 4252 ,
2079 4174 2164 4236 et
2213 4155 2770 4242 inventarium
2838 4185 3114 4243 rerum
3165 4153 3563 4238 omnium,
3594 4152 3959 4262 recipiat,
3999 4171 4426 4264 praesente

1047 4268 1529 4355 Monasterii
1613 4264 2273 4378 Congregatione
2320 4336 2345 4378 ,
2426 4298 2510 4359 et
2571 4278 2657 4361 in
2720 4276 3017 4362 cellam
3092 4271 3404 4357 Abbati
3478 4267 3963 4354 destinatam
4010 4264 4417 4355 'seced-at.

911 4458 922 4467 .
1048 4388 1203 4473 ΙΙΙ.
1266 4386 1739 4472 Domestica
1794 4389 2239 4476 ministeria
2291 4397 2564 4478 statim
2603 4393 3107 4495 distribuat,
3143 4387 3572 4476 Officiales
3621 4387 3981 4498 eligens,
4042 4388 4182 4472 vel
4232 4417 4424 4472 con·

1048 4507 1444 4611 firmans,
1496 4534 1706 4621 quos
1777 4507 1856 4589 in
1929 4504 2297 4595 Domino
2346 4509 2688 4599 idoneos
2735 4512 3237 4629 judicaverit
3283 4571 3307 4615 ‚
3360 4507 3790 4626 (exeeptis
3841 4504 4420 4624 quibusdam„

1047 4655 1422 4744 quorum·
1469 4625 1764 4708 electio
1811 4621 1917 4710 ad
1992 4627 2401 4716 Abbatem
2459 4631 2956 4720 Generalem
3006 4628 3442 4746 pertinet)
3486 4650 3570 4713 et
3637 4658 3821 4711 suas
3885 4628 4192 4742 cuique
4255 4623 4424 4710 Re·

1044 4747 1276 4859 gulas
1312 4738 1662 4829 tradens·
1701 4745 1833 4827 Ac
1884 4749 2151 4856 primo
2200 4750 2625 4837 Vicat-ium
2675 4784 2921 4838 suum
2960 4752 3436 4851 constituat,
3464 4742 3770 4832 deinde
3809 4744 4417 4851 Oeconomum,

1044 4897 1188 4953 seu
1259 4863 1883 4949 Procuratorem
1945 4869 2482 4955 Monasterii:
2552 4903 2738 4958 mox
2789 4873 2989 4958 alios
3055 4866 3476 4955 Officiales
3527 4870 3751 4979 juxta
3804 4861 4344 4974 indigentiam
4390 4929 4419 4969 ‚

941 5064 946 5069 ,
1013 5010 1128 5072 et
1176 4977 1865 5071 consuetudinem
1928 4982 2367 5075 Coenobii.
2430 4991 2767 5109 Eosqne
2821 4987 3275 5079 identidem
3323 4987 3624 5090 visitet,
3679 5006 3763 5070 et
3810 5006 4060 5096 prout
4107 4986 4203 5069 in
4245 4982 4422 5067 Do·

1039 5107 1269 5192 mino
1317 5103 1590 5189 visum
1638 5096 1889 5188 fuerit
1943 5112 2415 5215 convenire,
2459 5112 2592 5199 vel
2641 5115 2725 5196 in
2765 5109 3074 5197 eisdem
3127 5099 4070 5209 ministeriisdetineat,
4121 5101 4261 5191 vel
4308 5105 4415 5189 ab

1040 5229 1164 5312 eis·
1207 5243 1648 5309 removeat.
1720 5220 2148 5329 Quodde
2229 5231 2566 5346 reliquis
2640 5219 3872 5333 officialibus.intelligendum
3934 5247 4115 5329 est,
4187 5253 4419 5335 prae.-

1039 5367 1167 5431 ter
1212 5342 1696 5446 Vicarium‚
1763 5363 1848 5427 et
1914 5341 2552 5461 oeconomum:
2620 5350 2799 5461 Hos
2859 5352 3081 5437 enim
3147 5374 3571 5433 removere
3635 5344 3931 5459 nequit
3977 5403 4001 5447 ,
4086 5345 4263 5431 nisi.
4318 5374 4418 5431 ex

1041 5462 1387 5549 consilio
1458 5457 2140 5571 Congregationis
2202 5467 2831 5556 Monachorum.
2887 5468 3108 5579 Quia
3159 5495 3357 5551 vero
3420 5458 3722 5548 Officia
3793 5458 4201 5577 quaedam
4245 5524 4273 5566 ,
4324 5488 4420 5550 ut

955 5661 960 5667 .
1038 5583 1257 5672 hene
1317 5577 1580 5687 fiant,
1645 5583 2227 5696 experientiam
2306 5592 2803 5709 requirunt,
2866 5618 3038 5678 non
3101 5583 3340 5701 facile
3400 5582 3703 5695 mutari
3764 5572 4251 5697 debebunt,
4330 5607 4415 5671 et
