4834 6409
3675 459 3778 566 4¹

408 579 727 700 quibus
797 608 1079 666 rerum
1144 596 1556 690 gestarum
1621 579 1824 667 se'rie
1861 641 1888 685 ,
1978 598 2059 665 et
2133 574 2697 666 Ecclesiarum
2760 574 3386 696 perturbatione
3451 574 3796 663 uberius

294 746 299 750 ·
417 705 778 818 exposita
817 765 842 813 ,
908 700 1097 786 illos
1155 698 1455 789 hortati
1517 732 1801 789 sumus
1837 764 1864 804 ,
1929 721 2026 784 ut
2093 694 2666 787 dissentientes
2724 699 3278 814 Coepiscopos
3344 727 3595 801 suos,
3649 729 3797 783 no·

421 844 589 908 stro
649 823 896 943 etiam
954 823 1333 927 nomine,
1399 824 1942 912 convenirent
1990 882 2016 916 ,
2082 838 2387 936 eosque
2439 815 2693 908 officii
2767 824 2893 906 sui
2964 816 3785 907 fraterna-charitate

413 937 962 1027 admonerent
1016 1002 1041 1047 ,
1108 970 1434 1027 necnon
1517 941 1904 1027 omnibus
1964 938 2511 1024 sacerdotatis
2597 936 3145 1026 solicitudinis
3207 941 3706 1048 argumentis
3754 1002 3780 1044 ,

411 1059 1070 1175 imploratoqne,
1125 1063 1420 1145 nostris
1484 1064 1727 1150 etiam
1780 1059 2110 1163 verbiS,
2181 1056 2694 1146 dilectissimi
2758 1063 2849 1144 in
2901 1056 3239 1142 Christo
3284 1057 3476 1141 Filii
3531 1060 3791 1144 nostri

290 1281 297 1288 ι
419 1176 782 1294 Philippi
832 1178 1093 1265 Ducis
1154 1181 1821 1284 Aurelianensis,
1862 1175 2252 1292 ‘ejusdem
2308 1177 2569 1289 Regni
2625 1179 3067 1282 Rectonis,
3118 1179 3631 1288 patrocinio,
3686 1175 3793 1262 ad

426 1294 870 1413 reparanda
936 1296 1565 1386 Ecclesiasticae
1627 1301 1966 1384 unitatis
2005 1360 2028 1401 ,
2097 1321 2180 1382 et
2228 1294 2714 1412 disciplinae
2775 1294 3328 1398 detrimenta,
3380 1316 3628 1411 atque
3678 1294 3788 1382 ad

424 1414 867 1502 avertenda
920 1415 1400 1524 Catholicae
1436 1419 1889 1529 Religionis
1940 1418 2302 1531 pericula
2355 1416 2690 1504 flectere
2724 1435 3205 1526 satagerent.
3264 1416 3792 1527 speravimus

421 1533 767 1653 quidem
823 1536 1164 1624 uberem
1217 1568 1314 1624 ex
1365 1536 1787 1653 ejusmodi
1857 1538 2151 1632 nostris
2202 1537 2457 1622 literis
2532 1533 2941 1637 fructum,
3006 1538 3465 1650 junctoque
3515 1535 3803 1620 nobis-e

420 1686 616 1740 cum
669 1656 1505 1770 praeclarissimorum
1557 1656 1880 1742 Galliae
1944 1656 2430 1744 Praesulum
2486 1655 2667 1743 zelo
2711 1718 2734 1762 ‚
2798 1657 2950 1773 qui·
2994 1656 3347 1738 maximo
3394 1684 3588 1740 sane
3643 1687 3795 1739 nu·

412 1804 644 1860 mero
702 1805 852 1890 pro
914 1779 1264 1862 veritate
1337 1776 1830 1880 certabant,
1908 1775 2220 1866 factum
2262 1778 2400 1864 ‚iri
2469 1773 2977 1862 credidimus
3028 1836 3053 1880 ,
3130 1794 3225 1857 ut
3304 1769 3795 1861 dissidentes

420 1892 748 1979 Fratres
783 1956 807 1998 ,
844 1894 1106 2011 ⁰„quod
1159 1895 1421 1980 Nobis
1489 1893 1698 1983 adeo
1746 1897 1827 1979 in
1882 1898 2098 1983 votis
2148 1918 2320 1981 erat
2371 1957 2396 2001 ,
2461 1895 2764 1981 lucrari
2795 1924 3266 2009 possemus.
3333 1892 3597 2010 Atqui
3647 1912 3792 2008 spe

415 2037 691 2102 nostra
750 2010 1179 2099 frustratos
1231 2010 1665 2101 confestim
1749 2014 1921 2100 Nos
1972 2013 2332 2101 vidimus
2385 2077 2409 2119 ,
2482 2012 3023 2132 dolentesque
3093 2012 3447 2099 clamare
3530 2019 3818 2100 coacti'

416 2163 756 2217 sumus:
827 2136 1370 2219 sustinuimus
1420 2165 1709 2247 pacem
1742 2196 1767 2240 ,
1833 2156 1920 2221 et
1981 2164 2151 2219 non
2204 2137 2479 2240 venit,
2518 2136 3082 2252 quaesivimus
3132 2132 3347 2217 bona
3390 2195 3414 2237 ,
3468 2155 3552 2218 et
3598 2164 3796 2220 ecce

415 2251 848 2362 turbati03
910 2252 1026 2336 Et
1090 2283 1284 2337 sane
1355 2275 1520 2338 tam
1588 2256 1854 2366 gravis
1892 2318 1917 2363 ,
1981 2278 2076 2338 ut
2142 2256 2288 2370 qui
2353 2286 2450 2340 ex
2527 2251 2874 2340 adverso
2941 2274 3178 2337 erant
3226 2270 3280 2357 ,‘
3341 2252 3517 2336 illas
3581 2254 3796 2367 ipsas

418 2392 736 2457 nostras
785 2431 810 2475 ,
864 2394 946 2456 et
1007 2370 1257 2484 hujus
1308 2371 1656 2462 Sanctae
1710 2371 1945 2458 Sedis
2004 2403 2244 2459 voces
2293 2375 2540 2459 variis
2591 2373 2906 2458 artibus
2961 2401 3174 2485 pene
3239 2370 3796 2458 intercludere

421 2492 941 2576 tentaverint.
1008 2489 1308 2609 Neque
1359 2489 1728 2605 profecto
1777 2488 2098 2577 felicius
2164 2516 2588 2579 cesserunt
2636 2491 2908 2578 officia
2963 2492 3104 2575 illa
3145 2552 3170 2596 ,
3237 2521 3452 2611 quae
3500 2488 3794 2576 Cardi-

421 2608 647 2696 nales
697 2606 1136 2721 praedictis
1203 2642 1352 2725 per
1403 2613 1870 2725 impetratas
1921 2642 1966 2695 a
2017 2610 2335 2715 Nobis,
2404 2637 2499 2699 ut
2562 2609 2918 2694 diximus
2952 2674 2983 2712 ,
3037 2608 3413 2694 inducias
3464 2614 3796 2722 praesti-

418 2751 722 2813 terunt.
790 2727 1324 2847 Quamquam
1376 2732 1601 2816 enim
1664 2731 2087 2816 communi
2145 2732 2390 2814 totius
2444 2730 2671 2816 Sacri
2737 2727 3090 2839 Collegii
3157 2729 3493 2841 epistola
3535 2790 3558 2831 ,
3613 2760 3794 2814 sua-

417 2849 686 2932 siones
722 2909 746 2951 ,
828 2850 1163 2933 consilia
1204 2912 1228 2954 ,
1277 2849 1887 2937 obsecrationes
1921 2910 1946 2953 ,
2015 2868 2263 2965 atque
2314 2878 2648 2934 omnem
2720 2848 3161 2932 ministerii
3220 2848 3358 2930 >sui
3391 2891 3449 2952 ,‹
3498 2843 3804 2932 frater-

419 2985 743 3082 naeque
798 2965 1430 3054 benevolentiae
1480 2966 1732 3056 fidem
1773 3031 1798 3075 ,
1860 2964 2387 3055 sedulitatem
2423 3030 2448 3073 ,
2514 2998 2609 3054 ac
2675 2962 3300 3054 solicitudinem
3370 2961 3799 3051 adhibuis-

428 3106 612 3169 sent
638 3146 668 3186 ,
733 3077 1026 3170 frustra
1080 3117 1166 3172 se
1216 3109 1486 3173 tamen
1540 3088 1946 3174 laborasse
1996 3087 2636 3192 intellexerunt,
2706 3117 2979 3203 neque
3067 3087 3325 3200 alium
3378 3148 3404 3192 ,
3473 3112 3800 3199 praeter

346 3257 351 3262 -
424 3206 712 3289 inanes
760 3200 1333 3290 scandalorum
1372 3268 1395 3312 ,
1450 3238 1544 3291 ac
1595 3204 2121 3304 dissidiorum
2173 3207 2919 3320 expostulationes,
2988 3201 3132 3289 sed
3184 3207 3361 3291 sine
3422 3207 3798 3291 volunta·

429 3346 511 3409 te
586 3353 869 3410 veram
935 3322 1371 3411 amovendi
1446 3356 1829 3432 causam,
1901 3324 2124 3412 unde
2177 3326 2315 3412 illa
2389 3348 2942 3430 emerserant,
3016 3331 3308 3436 operae
3358 3355 3553 3411 suae
3617 3324 3793 3409 sru-

429 3462 656 3529 ctum
710 3465 1251 3556 reportarunt.
1338 3443 1527 3532 Non
1601 3466 1872 3531 tamen
1928 3469 2355 3559 propterea
2411 3443 2930 3531 concidimus
2982 3446 3318 3546 animo,
3385 3447 3555 3528 imo
3606 3474 3799 3529 nec·

429 3557 629 3647 dum
684 3595 728 3646 a
777 3562 1243 3649 mitioribus
1295 3566 1655 3651 consiliis
1708 3567 2244 3652 recessimus:
2306 3563 2514 3649 nihil
2567 3566 2894 3652 interim
2951 3585 3386 3668 curantes,
3440 3594 3800 3680 quomo-

429 3678 539 3766 do
618 3679 992 3790 homines
1048 3681 1397 3768 modum
1482 3682 1709 3784 hunc
1770 3683 2067 3796 agendi
2150 3707 2522 3770 nostrum
2603 3686 3341 3797 interpretarentur
3386 3743 3438 3788 ,.
3481 3686 3799 3800 quippe

432 3804 578 3920 qui
627 3803 1021 3887 sciremus
1070 3801 1255 3888 Deo
1319 3833 1582 3920 aeque
1631 3834 1780 3918 per
1841 3801 2285 3898 infamiam,
2311 3866 2341 3906 ,
2409 3828 2493 3889 et
2540 3803 2848 3889 bonam
2901 3800 3204 3888 famam
3254 3801 3800 3889 serviendum

434 3920 1058 4038 essesltaque,
1139 3945 1232 4007 ut
1294 3922 1764 4009 aberrantes
1832 3925 1915 4008 in
1983 3925 2203 4008 viam
2263 3925 2626 4037 justitiae
2688 3924 3052 4009 suaviter·
3160 3951 3740 4010 revocaremus
3777 3984 3803 4028 ,

433 4042 743 4128 iteratis
809 4043 1130 4153 saepius
1191 4038 1799 4129 hortationibus
1854 4044 2146 4127 nostris
2196 4103 2220 4147 ,
2288 4044 2534 4128 etiam
2587 4072 2868 4154 preces
2917 4036 3395 4127 addidimus
3445 4103 3470 4147 ,
3573 4071 3807 4158 etum-

434 4155 795 4276 demque
845 4162 928 4242 in
983 4188 1324 4272 scopum
1360 4224 1390 4262 ,
1453 4164 1787 4271 privatis
1840 4160 2095 4247 literis
2145 4191 2401 4246 manu
2456 4183 2727 4247 nostra
2778 4162 3305 4274 conscriptis,
3370 4191 3462 4247 ea
3518 4163 3806 4249 omnia
3931 4235 3938 4242 .

434 4300 823 4390 paternae
878 4276 1537 4363 mansuetudinis
1585 4277 1859 4364 officia
1924 4281 2511 4394 implevimus,
2642 4304 2793 4370 ua‘e
2858 4309 3291 4391 suggerere
3357 4280 3601 4365 nobis
3668 4311 3812 4394 po-
3875 4378 3882 4386 ,

441 4398 604 4481 tuit
666 4393 1133 4480 Christiana
1203 4395 1549 4484 charitas
1593 4461 1615 4495 ,
1684 4429 1897 4516 quae
1958 4402 2275 4512 patiens
2366 4423 2541 4505 est,
2673 4402 2967 4509 enigna
3037 4422 3219 4504 est,
3287 4403 3562 4484 omnia
3637 4398 3808 4494 suf-

444 4513 666 4622 fert,
752 4515 1024 4600 omnia
1101 4519 1474 4603 sustinet.
1543 4519 1830 4603 Plures
1909 4521 2217 4603 interea
2286 4517 2694 4605 Gallicani
2782 4521 3223 4606 Antistites
3269 4549 3461 4603 ¹non
3534 4522 3810 4604 minus

439 4637 831 4750 sapientia
871 4696 895 4741 ,
970 4657 1052 4719 et
1129 4632 1501 4747 doctrina
1552 4701 1580 4741 ‚
1645 4669 1896 4755 quam
1950 4640 2249 4750 pietate
2284 4701 2312 4741 ‚
2358 4669 2486 4732 ,ac
2569 4635 2845 4726 studio
2936 4634 3298 4724 tuendae
3354 4637 3812 4747 Religionis

443 4755 863 4858 illustres,
927 4783 1024 4839 ex
1087 4756 1183 4838 iis
1260 4758 1568 4844 scilicet
1618 4819 1642 4861 ,
1709 4761 1852 4874 qui
1936 4755 2212 4843 debita
2282 4758 2828 4844 submissione
2895 4755 3596 4843 Constitutionem
3667 4790 3810 4844 no-

441 4878 686 4959 stram
738 4871 1088 4992 amplexi
1139 4870 1516 4983 fuerant,
1572 4876 1990 4989 dignitatis
2028 4940 2051 4983 ,
2118 4901 2201 4961 et
2251 4881 2617 4972 muneris
2665 4878 2795 4962 sui
2844 4876 3105 4991 probe
3154 4906 3556 4963 memores
3591 4939 3616 4982 ‚
3668 4909 3807 4963 vo—

446 4993 711 5108 tisque
747 5056 771 5098 ,
824 5018 908 5079 et
957 4986 1248 5076 officiis
1303 4999 1594 5081 nostris
1659 4993 2374 5102 obsecundantes,
2443 4993 2773 5084 favenoe
2813 5000 3083 5084 ‚etiam
3138 5023 3429 5082 eorum
3506 4999 3812 5081 conati-

436 5113 601 5198 bus
651 5132 1099 5210 memorato
1185 5109 1567 5228 Philippo
1631 5115 1844 5203 duce
1894 5179 1924 5219 ,
1991 5145 2084 5199 ac
2158 5139 2540 5218 rectore,
2601 5146 2835 5203 curas
2899 5146 3184 5203 omnes
3269 5146 3456 5200 suas
3509 5177 3538 5216 ‚
3583 5118 3814 5200 assi·

449 5230 827 5352 duosque
888 5231 1207 5318 labores
1271 5230 1378 5318 ad
1447 5230 2102 5322 discordantium
2168 5233 2549 5322 Fratrum
2601 5237 2916 5328 animos
2964 5229 3573 5350 permovendos
3637 5238 3812 5319 eni-

443 5385 540 5440 xe
603 5348 975 5440 conferre
1043 5380 1210 5436 non
1266 5355 1742 5440 omiserunt.
1812 5351 1977 5439 Sed
2043 5353 2245 5442 haec
2294 5358 2570 5442 omnia
2622 5383 3102 5469 prosperum
3168 5354 3464 5458 illum,
3553 5385 3812 5472 quem

447 5503 967 5590 summopere
1017 5475 1717 5585 praestolabamur
1755 5538 1783 5578 ‚
1851 5475 2160 5560 exitum
2228 5478 2572 5562 minime
2639 5473 3132 5561 habuerunt.
3199 5469 3654 5562 Obscurati
3708 5477 3810 5558 si-

454 5590 790 5710 quidem
844 5615 1041 5679 sunt
1090 5595 1621 5684 renitentium
1689 5594 1903 5684 oculi
1942 5654 1967 5701 ,
2037 5624 2143 5681 ne
2229 5590 2663 5700 viderent,
2732 5627 2824 5682 ac
2890 5592 3321 5681 obturatae
3405 5618 3607 5681 sunt
3674 5626 3816 5678 au·

701 5713 1060 5800 TomJI.
2641 5713 2711 5795 F
