4834 6409
1016 475 1122 550 ἐτι

1002 590 1200 690 nie,
1263 616 1313 673 o
1365 586 1573 674 altro
1622 597 2243 704 assegnarnento
2292 586 2715 680 uniforme
2763 593 2917 680 alla
2971 590 3197 680 detta
3246 590 3823 710 provvisione:
3889 623 3938 681 e
4002 622 4150 708 per
4195 624 4396 684 con-1

1005 729 1092 791 to
1139 705 1367 795 delle
1413 711 1912 824 pretensioni
1979 707 2246 795 d’altri
2307 712 2734 818 interemi,
2800 713 2956 802 che
3009 711 3119 801 ha
3181 715 3241 800 il
3299 712 3531 800 detto
3596 711 3705 798 D.
3775 713 4101 826 Angelo
4166 719 4381 804 colla

1019 823 1473 915 medesima
1524 826 1825 916 Chiesa
1859 859 2006 941 per
2054 829 2132 915 le
2180 860 2330 918 sue
2391 838 2895 946 provvisioni
2943 897 2968 940 ,
3063 864 3112 921 e
3159 834 3396 948 salar}
3455 829 3680 946 degli
3731 837 3940 919 anni
3990 842 4309 949 passati
4362 847 4436 941 ,⁷

1013 943 1289 1034 debba
1337 952 1572 1035 starsi
1612 979 1656 1034 a
1706 949 1956 1066 quel,
2021 946 2175 1036 che
2224 960 2400 1037 sara
2436 953 2779 1040 risoluto
2810 952 2920 1041 da
2971 953 3134 1041 Noi
3159 1018 3190 1060 ,
3242 958 3328 1038 in
3366 981 3552 1041 caso
3589 1016 3618 1058 ,
3668 952 3823 1040 che
3858 956 4121 1070 prima
4159 954 4381 1045 della

1017 1066 1493 1181 spedizione
1543 1066 1683 1155 del
1732 1069 1994 1157 Breve
2045 1100 2215 1156 non
2263 1075 2672 1160 avessimo
2719 1075 3068 1160 risoluto
3120 1096 3417 1195 questo
3469 1095 3768 1188 punto.

1132 1185 1408 1274 Sesto:
1477 1188 1554 1272 E
1598 1185 2084 1276 finalmente
2118 1253 2148 1291 ,
2211 1189 2372 1278 che
2427 1192 2515 1278 le
2565 1191 3044 1281 condizioni
3090 1258 3121 1297 ,
3186 1224 3233 1282 e
3285 1196 3499 1309 patti
3545 1190 3920 1280 suddetti
3968 1189 4426 1302 debbanoi

1003 1308 1475 1398 inscriversi
1525 1312 1613 1394 in
1686 1340 1851 1394 una
1900 1306 2179 1423 lapide
2208 1307 2320 1398 da
2370 1311 2806 1401 collocat-si
2846 1319 2943 1402 in
2995 1311 3250 1422 luogo
3303 1312 3693 1417 visibile,
3745 1308 4118 1400 affinche
4146 1346 4392 1430 possa

1010 1456 1646 1518 conservarsene
1695 1431 1781 1514 in
1831 1455 2235 1544 perpetuo
2287 1431 2360 1517 la
2406 1440 2865 1522 memoria:
2932 1434 3015 1519 E
3066 1433 3221 1521 che
3272 1429 3359 1518 di
3400 1436 3558 1546 piu
3608 1432 4187 1520 s’inseriscano
4247 1437 4394 1522 nel

1002 1545 1325 1655 Breve,
1391 1547 1548 1635 che
1597 1550 1666 1634 si
1713 1546 2088 1663 spedira,
2152 1548 2557 1638 medianti
2611 1556 2690 1641 le
2741 1584 3126 1669 premure
3170 1617 3193 1656 ‚
3263 1552 3420 1640 che
3483 1584 3570 1640 se
3631 1582 3743 1640 ne
3805 1549 4165 1639 faranno
4234 1585 4377 1669 ap·

1003 1696 1284 1783 presso
1346 1667 1421 1755 la
1487 1669 1801 1755 Santita
1848 1665 1935 1754 di
2013 1669 2316 1757 Nostro
2369 1673 2720 1786 Signore
2757 1673 2984 1762 dalla
3035 1675 3696 1788 sopranominata
3763 1673 3848 1757 S.
3895 1670 4376 1785 Congrega·

1019 1788 1260 1875 zione
1307 1785 1415 1995 dg
1462 1785 1999 1906 propaganda
2048 1787 2258 1878 Fide
2303 1823 2456 1909 per
2504 1792 2975 1903 conferma,
3041 1825 3092 1881 e
3141 1812 3544 1910 perpetuo
3569 1793 4128 1881 stabilimento
4162 1791 4394 1880 delle

1021 1931 1209 1994 cose
1258 1940 1354 1994 su
1418 1930 1617 1996 ette.

1011 2025 1525 2237 Mgggijn(
1564 2029 1829 2117 Roma
1894 2024 2113 2117 dalla
2165 2055 2438 2120 nostra
2489 2034 2727 2123 solita
2777 2033 3231 2123 Residenza
3283 2056 3577 2152 questo
3626 2031 3712 2119 di
3761 2059 3971 2120 mv.
4042 2030 4396 2168 Maggiq

1498 2267 1605 2355 G.
1664 2267 1779 2355 D.
1824 2266 2235 2355 Cardinal
2280 2271 2644 2359 vicarie.

1728 2388 2409 2479 Nicol’Antonio
2459 2392 2892 2482 Canonico
2940 2391 3265 2507 Cuggio
3307 2393 3788 2507 Segretario.

1267 2510 1498 2598 Loco
1527 2505 1637 2614 ff<
1666 2509 1960 2623 sigilli,

1144 2629 1369 2718 Cum
1431 2653 1705 2718 autem
1744 2694 1774 2738 ,
1821 2635 2037 2722 sicut
2086 2632 2358 2720 dictus
2407 2634 2901 2721 Procurator
2950 2634 3381 2724 Generalis
3430 2636 3712 2722 Nobis
3755 2631 4060 2721 denuo·
4089 2636 4388 2747 exponi

1023 2750 1281 2859 fecit,
1360 2754 1536 2867 ipse
1591 2755 1841 2838 etiam
1898 2785 2405 2842 consensum
2475 2787 2521 2839 a
2588 2752 2913 2840 dilectis
2983 2753 3173 2856 filiis
3256 2756 3668 2871 Capitulo-
3698 2820 3728 2862 ,
3802 2778 3887 2841 et
3948 2752 4401 2838 canonicis

1018 2871 1489 2989 praedictae
1539 2872 1933 2960 Basilicae
1986 2876 2269 2962 Sancti
2322 2874 2547 2960 Petri
2583 2933 2618 2978 5
2687 2878 2863 2960 sine
2930 2875 3344 2990 ejusmodi
3409 2880 3725 2991 jurium
3778 2871 4398 2959 parochialium

1022 2988 1537 3110 praejudicio
1571 3056 1600 3095 ‚
1662 2988 2019 3108 desuper
2066 2996 2585 3100 obtinuerit,
2637 2996 3100 3113 ‘cupiatque
3165 3019 3608 3112 propterea·
3645 2991 4118 3112 praedict-ae
4167 2985 4406 3080 Con?

1026 3113 1477 3225 gregationi
1545 3114 1634 3196 in
1700 3116 2161 3226 praemissis
2236 3137 2702 3227 opportune
2760 3148 2804 3199 a
2855 3115 3137 3201 Nobis·
3182 3115 3658 3229 provideri,
3726 3139 3808 3203 et
3846 3180 3868 3223 ,
3929 3137 4031 3199 ut
4098 3110 4308 3200 infra
4360 3173 4392 3215 ,

1009 3231 1478 3345 indulgeri,
1537 3227 1717 3318 Nos
1760 3236 2009 3345 igitur
2046 3232 2441 3351 ejusdem
2492 3235 3060 3321 Procuratoris
3125 3235 3562 3323 Generalis
3603 3239 3814 3321 votis
3880 3238 3963 3318 in
4016 3230 4170 3320 hac
4222 3264 4392 3335 re,

1011 3375 1429 3474 quantum·
1474 3383 1675 3438 cum·
1716 3352 2093 3440 Domino
2130 3386 2565 3469 possumus
2599 3419 2625 3462 ,
2693 3353 3252 3442 favorabiliter
3301 3388 3664 3442 annuere
3716 3355 4127 3459 volentes,
4167 3383 4399 3438 eum-

1006 3505 1183 3594 que·
1221 3508 1276 3561 a·
1316 3473 2690 3592 quibusvis‘excommunicationis
2717 3541 2760 3580 ,‚
2810 3480 3362 3591 suspensionis
3392 3539 3417 3583 ,
3484 3499 3566 3562 et
3632 3472 4114 3579 interdicti,
4181 3474 4396 3558 aliis·

1015 3595 1800 3716 que-ecclesiasticis
1850 3599 2334 3704 sententiis,
2402 3601 2834 3701 censuris,
2910 3620 2995 3681 et
3039 3601 3394 3711 poenis,
3458 3630 3503 3681 a
3565 3600 3810 3711 jure,
3881 3592 4022 3681 vel
4085 3592 4198 3679 ab
4249 3592 4400 3678 ho-

876 3725 881 3744 '
1014 3718 1241 3802 mine
1278 3777 1303 3821 ,
1356 3716 1672 3834 quavis
1747 3720 2176 3805 occasione
2212 3779 2238 3823 ,
2303 3718 2443 3806 vel
2526 3749 2769 3803 causa
2836 3717 3069 3823 latis,
3135 3718 3203 3801 si
3272 3716 3577 3834 quibus
3625 3711 4403 3836 quomodolibetin·

1015 3832 1373 3924 nodatus
1423 3838 1694 3922 existit
1729 3898 1753 3944 ,
1833 3833 1938 3924 ad
1990 3835 2401 3925 effectum·
2433 3839 3014 3951 praesentium·
3050 3833 3474 3923 dumtaxat
3522 3865 4023 3954 consequen.
4096 3832 4404 3920 harum

1012 3958 1222 4046 serie
1272 3957 1845 4065 absolventes,
1911 3981 1996 4045 et
2063 3959 2551 4045 absolutum
2616 3955 2804 4044 fore·
2859 3979 3284 4044 censentes
3333 3993 3351 4038 :
3420 3952 4166 4073 supplicationibus
4213 3957 4410 4069 ejus·

1010 4080 1369 4176 nomine,
1412 4078 1675 4163 Nobis
1727 4109 1975 4193 super
2016 4077 2185 4166 hoc
2247 4075 2700 4165 humiliter*
2725 4081 3134 4192 porrectis
3177 4077 3589 4183 inclinati,
3658 4073 3942 4161 audita
3993 4136 4023 4178 ,
4107 4094 4192 4159 et
4239 4104 4414 4186 ap·-

1011 4200 1352 4313 probata
1407 4200 1825 4286 relatione-
1858 4230 2003 4311 per
2055 4203 2327 4314 ipsum
2374 4197 2788 4283 Joannem
2825 4196 3368 4281 Dominicum
3399 4193 3932 4280 Cardinalem
3966 4193 4411 4278 Vicarium·

1015 4320 1278 4405 Nobis
1329 4317 1687 4433 desuper
1746 4315 1959 4405 fincta
2020 4316 2600 4434 supradictam„
2664 4317 3143 4403 Ecclesiam
3204 4314 3502 4402 Beatae
3565 4315 3908 4404 Mariae·
3957 4313 4404 4424 Virginis,

1017 4471 1223 4526 cunr
1268 4441 1661 4526 universa«
1704 4439 1927 4524 illius
1978 4439 2473 4553 supellectili
2522 4470 2750 4525 sacra
2787 4501 2812 4543 ,
2879 4457 2967 4520 et
3004 4435 3427 4550 prophana
3465 4500 3490 4542 ,
3557 4438 3966 4546 argentis,
4018 4432 4396 4543 gemmis,

1015 4592 1110 4645 ac
1161 4560 1600 4665 omnibus,
1655 4583 1737 4646 et
1772 4561 2117 4668 singulis
2170 4560 2456 4665 bonis,
2512 4558 2962 4662 fructibus,
3029 4552 3491 4642 redditibus
3530 4617 3553 4662 ,
3597 4554 4212 4670 proventibus,
4266 4555 4400 4667 ju·-

1018 4681 1245 4764 ribus
1273 4744 1303 4784 ,
1368 4703 1452 4767 et
1502 4682 2018 4794 pertinentiis
2056 4743 2100 4787 ,.
2132 4711 2289 4766 nec
2331 4710 2496 4765 non
2544 4678 2990 4781 oneribus,
3031 4677 3598 4793 annexusque,
3654 4698 3737 4762 et
3786 4674 4177 4760 connexis
4209 4672 4394 4791 qui·-

1013 4800 1539 4916 buscumque
1590 4797 2017 4885 Fratribus
2074 4798 2363 4887 dictae·
2396 4797 3084 4910 Congregationis
3135 4794 3775 4908 Hispaniarum,
3835 4793 3960 4880 ad³
3996 4788 4398 4878 effectum

1012 4920 1223 5004 inibi
1277 4918 1791 5029 Collegium,
1858 4921 2613 5007 seu-'Seminarium
2671 4916 4390 5031 ApostolicumMissionariorumejusmo-

1020 5038 1106 5123 di
1156 5036 1586 5151 erigendi,
1654 5063 1739 5126 et
1793 5040 2342 5148 instituendi,
2395 5043 2508 5125 ita
2553 5062 2644 5124 ut
2711 5039 2866 5151 ipsi
2919 5036 3924 5124 Procuratori'Generali
3957 5032 4202 5119 liceat
4252 5063 4401 5147 per

1017 5190 1159 5264 se,
1228 5160 1364 5245 vel
1418 5189 1578 5273 per
1628 5159 2155 5267 alium*,.·seu-
2194 5161 2393 5246 alios
2433 5179 2960 5247 memoratae
3023 5159 3716 5270 congregationis·
3753 5153 4398 5276 nomine-supel-

1007 5279 1437 5382 lectilem,
1503 5303 1878 5390 argenta,
1949 5305 2032 5368 et
2078 5309 2444 5389 gemmas
2495 5276 2961 5396 praedictas
3003 5280 3437 5394 recipere»,
3507 5310 3626 5364 ac*
3677 5278 4184 5380 Ecclesiae,
4249 5273 4399 5357 bo-

1012 5432 1376 5508 norum,
1414 5396 1917 5506 ³›fructuum·,
1968 5399 2498 5506 reddituum,
2547 5417 3197 5517 proventuum«,
3250 5402 3623 5514 jurium,
3680 5398 4403 5514 pertinentiarum,

1012 5544 1109 5607 et-
1146 5550 1673 5608 annexorum
1705 5517 2188 5637 huiusmodi
2218 5547 2514 5610 veram·
2525 5583 2555 5627 ‚
2612 5518 2984 5622 realem,
3034 5520 3486 5625 actualem,
3542 5547 3637 5606 ac
3671 5518 4181 5632 corporalem
4215 5543 4404 5628 pos-

1007 5645 1527 5750 sessionem,
1613 5672 1758 5729 seu
1809 5645 2042 5766 quasi
2070 5646 2750 5762 posssessinnem*
2803 5640 3155 5759 propria
3199 5641 3711 5731 auctoritate:
3756 5638 4038 5728 libere·
4101 5662 4400 5753 appre-s„
