4834 6409
1200 549 1341 636 81.
1406 551 1894 641 Obscuritas
1953 581 2227 646 sancta
2293 562 2534 651 verbi
2593 563 2756 653 Dei
2812 593 2983 651 non
3045 584 3168 650 est
3225 561 3453 672 laicis
3505 568 3713 652 ratio
3748 564 4279 684 dispensandi
4330 601 4417 657 se

1081 672 1298 785 ipsos
1345 672 1451 756 ab
1503 678 1680 787 ejus
1730 677 2108 763 lectioness
3419 765 3430 770 -

1200 792 1342 877 82.
1375 792 1609 880 ‘Dies
1670 796 2159 886 Dominicus
2206 835 2251 887 a
2305 802 2761 893 christianis
2838 804 3091 895 debet
3153 803 3672 893 sanctificari.
3710 811 4207 898 lectionibus
4253 815 4431 927 pie-

1079 915 1326 1021 tatis,
1391 937 1474 1001 et
1555 947 1797 1032 super
1847 923 2124 1006 omnia
2179 921 2668 1013 Sanctarum
2731 929 3362 1044 Scripturarum.
3416 926 3938 1017 Damnosum
4013 954 4138 1018 est
4205 932 4430 1018 velle

1083 1030 1622 1120 christianum
1680 1038 1786 1123 ab
1849 1036 2003 1125 hac
2055 1042 2406 1131 lectione
2457 1045 2893 1135 retrahere.
3775 1113 3781 1118 -

1196 1154 1338 1241 83.
1405 1153 1569 1243 Est
1605 1157 1879 1246 illusio
1927 1163 2082 1247 sibi
2134 1163 2625 1280 persuadere
2660 1233 2698 1275 ,
2740 1167 2968 1287 quod
3018 1171 3307 1255 notitia
3356 1171 3942 1281 mysteriorum
3981 1170 4430 1283 Religionis

1081 1306 1252 1362 non
1304 1274 1604 1364 debeat
1665 1285 2258 1371 communicari
2337 1285 2770 1393 foeminis,
2839 1291 3193 1377 lectione
3268 1320 3681 1380 sacrorum
3735 1291 4163 1376 librorum.
4228 1289 4422 1374 Non

1088 1425 1187 1481 ex
1248 1392 1793 1484 foeminarum
1879 1393 2394 1518 simplicitate
2428 1470 2452 1513 ,
2527 1408 2670 1495 sed
2743 1441 2842 1496 ex
2900 1410 3255 1525 superba
3347 1411 3717 1496 virorum
3788 1414 4128 1497 scientia
4205 1433 4433 1495 ortus

1083 1535 1206 1601 est
1271 1516 1877 1633 Scripturarum
1930 1524 2285 1631 abusuS‚
2348 1550 2432 1613 et
2481 1552 2720 1616 natae
2766 1554 2960 1615 sunt
3010 1529 3406 1617 haereses.
4295 1627 4300 1634 f

1200 1632 1344 1744 84.
1409 1639 1816 1755 Abripere
1863 1673 1910 1729 e
1961 1643 2592 1733 christianorum
2654 1651 3039 1736 manibus
3122 1680 3442 1738 novum
3514 1651 4141 1736 Testamentum
4180 1713 4205 1754 ,
4285 1679 4436 1735 seu

1081 1754 1199 1841 eis
1249 1756 1459 1843 illud
1512 1761 1898 1849 'clausum
1967 1775 2248 1855 tenere
2284 1832 2307 1873 ,
2375 1767 2825 1856 auferendo
2874 1774 2992 1857 eis
3038 1765 3385 1857 modum
3435 1767 3647 1855 illud
3702 1767 4276 1883 intelligendi,
4312 1790 4435 1854 est

1082 1876 1243 1963 illis
1296 1877 1609 1966 Christi
1679 1915 1768 1968 os
1818 1883 2236 1975 obturare.
4430 1928 4434 1932 “

1201 1996 1342 2084 85.
1412 1999 1915 2092 Interdicere
1975 2005 2462 2097 Christianis
2509 2011 2947 2097 lectionem
3014 2010 3305 2096 Sacrae
3356 2008 3885 2124 Scripturae,
3954 2013 4430 2125 praesertim

1077 2116 1570 2232 Evangelii,
1659 2146 1781 2210 est
1824 2126 2322 2217 ¹interdicere
2386 2163 2630 2216 usum
2679 2131 3015 2216 luminis
3075 2129 3263 2214 filiis
3311 2129 3517 2215 lucis
3553 2192 3578 2235 ,
3666 2154 3750 2216 et
3796 2128 4065 2216 facere
4129 2153 4223 2213 ut
4295 2160 4433 2243 pa-

977 2275 981 2279 ·
1080 2241 1391 2327 tiantur
1440 2247 1796 2357 speciem
1844 2247 2294 2365 quamdam
2340 2252 3235 2338 excommunicationis.

1201 2358 1344 2449 86.
1408 2362 1755 2479 Eripere
1806 2369 2157 2481 simplici
2236 2371 2542 2487 populo
2625 2368 2783 2456 hoc
2851 2371 3229 2455 solatium
3268 2434 3293 2475 ,
3358 2369 3759 2483 jungendi
3842 2401 4134 2458 vocem
4197 2398 4431 2453 suam

1075 2483 1267 2567 voci
1317 2486 1566 2572 totius
1623 2484 2047 2574 Ecclesiae
2080 2552 2110 2594 ,
2172 2514 2293 2577 est
2358 2523 2551 2577 usus
2612 2492 3068 2578 contrarius
3114 2492 3344 2605 praxi
3410 2491 3978 2605 Apostolicae,
4030 2514 4112 2576 et
4164 2494 4430 2576 inten-

1087 2602 1295 2687 tioni
1354 2605 1543 2691 Dei.
1954 2623 1957 2628 '

1196 2721 1340 2840 87.
1404 2723 1709 2813 Modus
1768 2729 2066 2843 plenus
2114 2736 2511 2848 sapientia
2542 2797 2567 2840 ,
2629 2733 3001 2840 lumine,
3066 2754 3150 2818 et
3200 2732 3593 2819 charitate
3629 2793 3653 2838 ,
3707 2754 3831 2817 est
3878 2726 4077 2817 dare
4125 2731 4439 2815 anima-

1078 2841 1239 2927 bus
1299 2864 1622 2957 tempus
1673 2849 2057 2961 portandi
2109 2883 2303 2937 cum
2352 2851 2820 2941 humilitate
2854 2918 2880 2961 ,
2934 2877 3018 2941 et
3067 2849 3475 2940 sentiendi
3530 2875 3831 2936 statum
3881 2852 4241 2963 peccati,
4296 2879 4439 2962 pe-

1077 2959 1311 3048 tendi
1359 2967 1735 3077 spiritum
1797 2973 2403 3082 poenitentiae,
2470 2996 2554 3059 et
2603 2977 3114 3060 contritionis
3150 3037 3173 3077 ,
3242 2996 3325 3060 et
3383 2969 3900 3087 incipiendi,
3976 2970 4082 3055 ad
4147 2972 4427 3090 minus

1081 3078 1539 3171 satisfacere
1588 3089 1949 3201 justitiae
1997 3089 2212 3199 Dei,
2267 3116 2710 3214 antequam
2764 3094 3423 3179 reconcilientur.

1195 3200 1338 3288 88.
1404 3199 1886 3317 Ignoramus
1935 3209 2142 3328 quid
2189 3216 2294 3298 sit
2340 3240 2772 3328 peccatum
2809 3277 2832 3317 ,
2889 3237 2972 3298 et
3020 3244 3209 3300 vera
3261 3215 3765 3328 poenitentia
3801 3277 3830 3315 ,
3895 3209 4236 3328 quando
4288 3240 4435 3295 vo·

1076 3324 1357 3411 lumus
1402 3330 1675 3414 statim
1727 3334 2039 3417 restitui
2090 3338 2573 3445 possessioni
2649 3334 3062 3418 bonorum
3116 3336 3445 3418 illorum
3485 3396 3509 3435 ,
3577 3332 3883 3449 quibus
3937 3363 4080 3414 nos
4133 3362 4439 3446 pecca·

1077 3466 1256 3530 tum
1308 3448 1686 3560 spoliavit
1722 3513 1745 3557 ,
1826 3474 1912 3538 et
1977 3451 2526 3540 detrectamus
2574 3457 3100 3567 separationis
3149 3457 3380 3538 istius
3439 3451 3651 3537 ferre
3704 3450 4307 3536 confusionem.

1196 3565 1338 3680 89.
1405 3568 1774 3677 Quartus
1848 3568 2222 3658 decimus
2313 3572 2618 3684 gradus
2696 3577 3253 3662 conversionis
3334 3574 3787 3688 peccatoris
3875 3595 3996 3656 est
4025 3635 4060 3674 „
4132 3566 4423 3686 quod,

1081 3715 1275 3771 cnm
1323 3689 1428 3773 sit
1486 3693 1654 3805 jam
1704 3692 2330 3801 reconciliatus,
2394 3694 2651 3782 habet
2709 3699 2841 3807 jus
2894 3690 3316 3780 assistendi
3391 3689 3814 3778 Sacrificio
3858 3690 4309 3777 Ecclesiae.

1194 3836 1338 3919 9o.
1405 3807 1775 3897 Ecclesia
1833 3816 2402 3901 auctoritatem
2456 3811 3225 3901 excommunicandi
3287 3812 3538 3898 habet
3573 3877 3602 3916 ,
3668 3834 3764 3894 ut
3812 3841 3994 3894 eam
4064 3832 4441 3896 exerceat

1072 3957 1223 4042 per
1269 3931 1575 4045 primos
1624 3931 1992 4020 Pastores
2044 3930 2150 4021 de
2201 3965 2608 4022 consensu
2644 4000 2667 4043 ,
2735 3935 3023 4020 saltem
3081 3958 3609 4049 praesumpto
3647 3995 3672 4038 ,
3740 3933 3990 4015 totius
4046 3932 4433 4044 corporis.

1191 4079 1336 4161 91.
1398 4050 2305 4141 Excommunicationis
2382 4060 2734 4171 injustae
2786 4078 3104 4159 metuS,
3172 4085 3604 4173 nunquam
3653 4050 3905 4136 debet
3966 4081 4117 4135 nos
4178 4054 4441 4163 impe-

1077 4164 1257 4256 dire
1320 4171 1425 4257 ab
1482 4172 1911 4287 implendo
1959 4172 2247 4262 debito
2299 4201 2636 4262 nostro:
2708 4175 3163 4294 Nunquam
3217 4175 3528 4261 eximus
3565 4173 3669 4259 ab
3719 4171 4136 4276 Ecclesia,
4187 4173 4441 4255 etiam

1076 4288 1414 4405 quando
1463 4290 1899 4379 hominum
1954 4299 2317 4414 nequitia
2359 4361 2382 4402 ,
2436 4294 2828 4385 videmur
2888 4298 2993 4380 ab
3057 4327 3151 4382 ea
3203 4296 3580 4407 expulsi,
3631 4289 3973 4410 quando
4026 4291 4251 4397 Deo,
4308 4288 4442 4374 Je-

1072 4439 1171 4493 su
1240 4408 1624 4518 Christo,
1692 4438 1938 4533 atque
1986 4419 2140 4532 ipsi
2190 4418 2614 4504 Ecclesiae
2665 4448 2815 4532 per
2863 4415 3346 4502 charitatem
3397 4411 3618 4499 affixi
3667 4443 3977 4497 sumus.

1190 4562 1333 4644 92.
1403 4532 1582 4617 Pati
1631 4538 1902 4648 potius
1951 4538 2036 4622 in
2093 4570 2294 4653 pace
2333 4539 3271 4624 excommunicationem
3303 4596 3328 4638 ,
3367 4557 3452 4617 et
3501 4531 3935 4618 anathema
3988 4534 4444 4646 injustum,

1075 4679 1326 4766 quam
1376 4651 1729 4768 prodere
1778 4660 2206 4745 veritatem
2238 4725 2261 4767 ,
2329 4681 2452 4746 est
2501 4661 2800 4744 imitari
2854 4657 3252 4742 Sanctum
3301 4653 3707 4738 Paulum:
3779 4673 4105 4739 tantum
4156 4648 4437 4756 abest,

1073 4792 1171 4854 ut
1220 4777 1325 4860 sit
1371 4777 1684 4887 erigere
1730 4806 1818 4861 se
1870 4802 2153 4865 contra
2216 4782 2786 4866 auctoritatem
2825 4841 2855 4880 ,
2921 4799 3064 4861 aut
3114 4772 3490 4861 scindere
3545 4776 3969 4859 unitatem.

1195 4896 1340 5006 93.
1405 4896 1638 4983 Jesus
1689 4894 2193 5017 quandoque
2272 4923 2503 4987 sanat
2556 4900 2898 4988 vulnera
2940 4960 2964 5003 ,
3037 4926 3251 5014 qnae
3325 4924 3713 5008 praeceps
3786 4895 4249 5007 primorum
4296 4923 4439 5006 pa-

1075 5042 1395 5107 storum
1444 5015 1860 5106 festinatio
1911 5018 2275 5131 infligit,
2360 5024 2538 5106 sine
2612 5022 2865 5133 ipsius
2920 5013 3390 5103 'mandatot
3446 5013 3685 5104 Jesus
3734 5013 4088 5100 restituit
4123 5075 4147 5119 ,
4218 5007 4445 5134 quod

1073 5141 1229 5256 ipsi
1293 5137 1904 5230 inconsiderato
1952 5139 2135 5227 zelo
2199 5138 2712 5229 rescindunt.

1193 5266 1338 5374 94.
1398 5259 1634 5349 Nihil
1683 5262 2054 5377 pejorem
2102 5259 2209 5347 de
2241 5262 2622 5349 Ecclesia
2675 5262 3151 5374 opinionem
3187 5261 3486 5374 ingerit
3535 5260 3714 5371 ejus
3757 5255 4452 5394 inimicis,·qu·am

1071 5381 1360 5473 videre
1408 5384 1583 5472 illic
1632 5380 2159 5469 dominatum
2219 5383 2582 5469 exerceri
2634 5413 2879 5494 supra
2926 5379 3183 5467 fidem
3233 5380 3704 5483 fidelium,
3773 5399 3857 5466 et
3927 5373 4192 5465 foveri
4241 5368 4454 5457 dlv!-

1073 5506 1345 5592 siones
1414 5526 1754 5622 propter
1801 5533 1984 5607 res,
2052 5533 2270 5622 quae
2322 5532 2479 5588 nec
2529 5497 2783 5588 fidem
2832 5500 3233 5609 laedunt,
3286 5533 3442 5589 nec
3492 5528 3783 5585 mores.
4350 5614 4372 5634 ·

1191 5628 1337 5745 95.
1400 5624 1810 5714 veritates
1855 5653 1957 5712 eo
2008 5620 2532 5715 devenerunt
2565 5683 2590 5730 ,
2657 5646 2753 5710 ut
2803 5624 2967 5710 sint
3049 5623 3328 5736 lingua
3380 5622 3612 5740 quasi
3677 5615 4107 5736 peregrina
4167 5613 4456 5736 plens-

4581 5475 4616 5503 ᾖ

4521 5506 4662 5569 ssa,

4445 6001 4632 6114 „232ss!
