4834 6409
1059 447 1232 543 ²38

1059 571 1397 659 illorum
1440 566 1941 683 Baptismate
1970 636 2003 679 ,
2040 573 2254 681 vita,
2320 573 2692 661 moribus
2720 637 2748 684 ‚
2779 594 2868 659 ct
2916 572 3002 658 in
3041 568 3403 659 scientiis
3450 561 3829 682 prosectu
3878 557 3987 653 ad
4038 556 4443 649 dilectum

1056 687 1329 777 filium
1382 715 1752 781 nostrum
1801 692 2258 810 Josephum
2311 696 2401 782 S.
2433 695 2529 781 R.
2569 694 2673 779 E.
2726 688 3270 781 cardinalem·
3347 688 3699 805 Spinelli
3765 706 4216 799 nuncupat.
4281 684 4440 769 Ar·-

1065 809 1689 930 chiepiscopalis
1749 814 2179 902 Ecclesiae
2227 814 2822 931 Neapolitanae
2869 845 2972 902 ex
3031 814 3567 900 concessione
3599 872 3625 915 ,
3689 829 3776 894 et
3834 802 4443 921 dispensatione

1059 934 1533 1048 Apostolica
1586 932 2058 1022 Praesulem
2091 998 2121 1042 ,
2170 964 2322 1023 seu
2403 967 2557 1050 pro
2605 957 2979 1049 tempore
3026 934 3251 1022 illius
3327 935 3807 1021 existentem
3873 916 4444 1041 Archiepisco-

1060 1082 1322 1167 pum,
1378 1078 1787 1173 quatenus
1836 1087 2038 1144 vero
2086 1054 2311 1143 idem
2354 1053 2838 1168 Cardinalis
2868 1117 2894 1162 ,
2947 1077 3033 1159 et
3083 1052 3422 1141 Praesul
3447 1116 3478 1156 ,
3539 1081 3688 1138 seu
3747 1044 4445 1163 Archie'piscopus

1062 1171 1538 1284 praedictus
1586 1205 2120 1296 quacumque
2164 1209 2266 1263 ex
2312 1207 2560 1264 cansa
2611 1176 2943 1262 illorum
2991 1172 3594 1261 ordinationem
3647 1199 4035 1286 peragere
4089 1196 4260 1252 non
4311 1198 4456 1254 va·

1062 1291 1284 1400 leat,
1350 1296 1706 1382 liberum
1756 1301 1864 1383 sit
1912 1322 2368 1384 memorato
2416 1294 2842 1382 Matthaeo
2877 1359 2902 1403 ,
2969 1317 3053 1380 et
3115 1326 3268 1410 pro
3321 1317 3688 1408 tempore
3742 1290 4121 1377 existenti
4191 1289 4451 1402 Supe-

994 1478 1003 1485 .
1064 1414 1263 1498 riori
1308 1414 1661 1528 collegii
1716 1416 2113 1530 praedicti
2194 1419 2439 1523 illos,
2504 1414 2612 1501 ad
2659 1446 3278 1534 quemcumque
3339 1413 3871 1499 Catholicum
3959 1410 4446 1495 Antistitem

1068 1537 1409 1642 gratiam
1449 1599 1472 1642 ,
1542 1561 1627 1623 et
1671 1542 2353 1627 cummunionem
2398 1535 2923 1651 supradictae
2975 1535 3207 1623 Sedis
3257 1534 3705 1621 habentem
3765 1563 3919 1645 pro
3985 1526 4450 1617 Ordinibus

1067 1654 1612 1769 suscipiendis
1660 1655 2014 1771 dirigere
2047 1725 2077 1764 ,
2143 1684 2457 1747 servata
2526 1660 2612 1742 in
2662 1657 3001 1775 reliquis
3067 1653 3669 1773 praedictarum
3719 1653 4049 1740 Urbani
4105 1647 4455 1773 Praede·

1072 1779 1409 1859 cessoris
1462 1778 1885 1864 literarum
1956 1778 2269 1885 forma,
2334 1803 2420 1867 et
2480 1780 3074 1890 dispositione,
3131 1777 3625 1865 auctoritate
3686 1770 4101 1889 praedicta
4166 1792 4451 1858 tenore

1070 1900 1631 2008 praesentium
1685 1897 2278 2006 concedimus,
2340 1924 2426 1987 et
2475 1897 3028 2009 indulgemus.

716 2107 731 2123 ‚
778 2016 1047 2085 Obstan-
1189 2015 1258 2114 S.
1313 2020 1394 2124 4.
1450 2017 1665 2102 Non·
1705 2018 2224 2114 obstantibus
2308 2021 2742 2139 quibusvis
2816 2019 3372 2135 ApostoliciS‚
3439 2045 3535 2100 ac
3612 2011 4384 2100 inuniversalibus
4418 2078 4447 2115 ,

683 2108 1022 2268 ἱῒῗῑίοὼ·
1070 2132 1949 2256 provincialibusque,
1984 2164 2065 2227 et
2117 2139 2675 2254 Synodalibus
2730 2138 3128 2225 Consiliis
3167 2136 3417 2225 -editis
3468 2135 4038 2247 generalibus,
4092 2132 4224 2218 vel
4265 2163 4448 2246 spe·

760 2222 803 2290 g
935 2250 948 2265 ’
1067 2256 1421 2459 lcjialibus
1473 2260 2286 2369 Constitutionibus,
2354 2290 2440 2352 et
2489 2258 3194 2365 ordinationibes,
3285 2259 3743 2377 ceterisque
3794 2256 4220 2342 contrariis
4270 2254 4450 2369 qui·

1139 2408 1618 2499 uscumque.

1189 2496 1507 2586 Datum
1562 2466 2144 2614 Romae'apud
2199 2506 2584 2592 Sanctam
2635 2506 2986 2591 Mariam
3025 2501 3441 2617 Maiorem
3514 2497 3678 2584 sub
3727 2494 4076 2582 Annulo
4150 2495 4445 2581 Piscat.

1071 2611 1210 2702 die
1267 2627 1399 2729 14.
1454 2622 1732 2708 Martii
1792 2624 2040 2739 1738.
2097 2624 2639 2712 Pontificatus
2690 2625 2970 2711 Nostri
3020 2653 3253 2709 anno
3302 2619 3539 2707 VIII.

1340 2993 1604 3078 Breve
1677 2991 2265 3105 Apostolicum
2298 3054 2322 3097 ‚
2406 3022 2573 3109 quo
2627 2989 3071 3106 formulae
3145 2990 3643 3104 subscriptio
3728 2986 4186 3075 mandmur

1621 3111 2188 3198 damnationis
2252 3111 2660 3197 librorum
2724 3111 2842 3196 ad
2895 3112 3503 3199 Jansenaniam
3563 3142 3917 3198 causam

2474 3239 3053 3350 spectantium.

1198 3478 1845 3569 Venerabilibus
1893 3479 2347 3563 Fratribus
2422 3473 2864 3592 Episcopis
2938 3475 3545 3588 Nicopolitano
3582 3541 3606 3585 ,
3671 3496 3752 3561 et
3826 3481 4252 3567 Dianensi
4303 3479 4401 3568 V
4391 3486 4458 3562 i·
4563 3468 4574 3473 ⁸

1314 3601 1572 3682 curiis
1614 3599 2136 3714 -Apostolicis
2171 3662 2196 3705 ‚
2262 3630 2583 3683 necnon
2647 3598 3063 3713 Episcopo
3112 3603 3229 3685 M
3231 3601 3823 3716 isinopolitano
3872 3597 3979 3686 N
3970 3598 4463 3713 icopolitani

1325 3711 1825 3835 Coadjutori
1851 3785 1877 3829 ,
1931 3738 2013 3806 et
2050 3719 2387 3805 ,dilectis
2427 3721 2528 3807 F
2521 3718 2697 3804 iliis
2729 3721 2863 3806 M
2853 3721 3330 3806 issionarii's'
3372 3727 3465 3809 in.
3515 3723 3851 3807 Scotiae
3903 3721 4211 3840 Regna·

1820 3959 2840 4079 CLEMENS
2970 3959 3233 4077 PP.
3365 3960 3712 4078 XII.

1205 4250 1211 4255 ·
1285 4211 1388 4301 V
1374 4210 1830 4298 enerabiles
1862 4211 1973 4301 'F
1961 4212 2280 4316 ratreS,
2332 4208 2686 4413 Dglectil
2704 4208 2940 4349 ‘Filii
2967 4275 2996 4317 ,
3049 4212 3410 4297 salutem
3441 4279 3471 4319 ,
3532 4231 3615 4297 et
3663 4209 4246 4329 Apostolicam

1482 4366 1491 4377 ·
2474 4361 2623 4413 ene
2682 4335 3101 4416 lotionem.

1209 4477 1804 4691 Supremum
1854 4572 2382 4689 Apostolatus
2442 4574 2699 4661 nostri
2747 4604 3053 4659 munus
3104 4571 3165 4659 'a
3216 4572 3966 4680 misericordiarum
4053 4573 4297 4661 Patre
4366 4578 4455 4659 in

1080 4687 1565 4782 Catholicae
1612 4694 2040 4782 Ecclesiae
2088 4695 2663 4809 procuratione
2725 4691 3185 4781 infirmitati
3273 4700 3595 4784 nostrae
3677 4698 4210 4813 injunctum,
4277 4700 4459 4808 jure

1074 4842 1172 4896 ac
1222 4817 1518 4903 merito
1566 4818 1872 4926 exigit,
1952 4839 2046 4902 ut
2095 4819 2185 4900 in
2243 4816 2696 4904 visceribus
2768 4814 2967 4901 Jesu
3048 4813 3359 4903 Christi
3421 4820 3783 4904 'cunctas
3869 4818 4124 4902 totius
4208 4814 4461 4902 Orbis

1074 4930 1580 5024 Christianas
1641 4934 2038 5023 Nationes
2115 4936 2822 5050 complectamur,
2890 4967 3044 5023 nec
3107 4936 3215 5023 ab
3268 4936 3557 5024 iisdem
3621 4940 3907 5024 omnes
3970 4931 4458 5025 Pontificiae

1066 5054 1639 5168 providentiae
1674 5121 1698 5163 ,
1751 5080 1837 5144 et
1883 5055 2466 5144 sollicitudinis
2514 5080 2836 5145 nostrae
2887 5081 3156 5172 partes
3216 5056 3664 5146 desiderari
3713 5061 4146 5174 patiamur.
4192 5053 4451 5167 Quod

1068 5204 1266 5263 sane
1316 5175 1690 5273 officium
1754 5200 1849 5262 ut
1898 5180 2077 5266 sine
2126 5208 2667 5293 personarum
2744 5181 3226 5297 acceptione
3285 5213 3328 5265 a
3383 5179 3643 5266 Nobis
3703 5201 4162 5293 praestetur
4198 5242 4222 5284 ,
4306 5209 4451 5265 no·

1070 5319 1333 5384 strum
1384 5329 1557 5388 esse
1606 5290 1990 5384 ducimus
2039 5302 2124 5385 in
2176 5301 2460 5413 primis
2510 5296 2976 5414 opportune
3028 5299 3309 5388 adesse
3359 5303 3660 5388 eximio
3693 5299 4141 5387 ‘Pastorum
4173 5362 4198 5404 ,
4255 5297 4451 5383 alio‘-

1018 5484 1023 5491 .
1069 5446 1428 5538 rumque
1474 5418 2033 5530 Evangelicae
2083 5418 2448 5507 veritatis
2497 5418 3071 5507 Ministrorum
3124 5423 3304 5509 zelo
3332 5489 3360 5529 ,
3424 5424 3570 5541 qui
3620 5422 3705 5506 in
3759 5450 3966 5535 opus
4013 5418 4454 5505 Ministerii

1071 5542 1337 5625 nostri
1389 5562 1955 5658 cooperatores
2005 5538 2311 5628 adsciti·
2347 5541 2436 5635 in
2485 5538 3006 5656 procuranda
3056 5545 3520 5629 animarum
3569 5541 3831 5630 salute
3882 5541 4258 5628 alacriter
4316 5534 4462 5624 ad·

1073 5657 1444 5751 laborare
1504 5657 1867 5752 student.
1934 5662 2164 5753 Inter
2211 5684 2522 5754 ceteros
2571 5690 2768 5759 vero
2804 5726 2827 5772 ‚
2896 5664 3043 5782 qui
3094 5660 3198 5751 ad
3246 5663 3596 5782 populos
3657 5664 3830 5757 sive
3877 5688 4160 5753 veram
4224 5658 4450 5746 Reli·
