4834 6409
1029 558 1036 565 .
2710 514 2725 527 ·
3664 462 3837 568 329

452 583 946 672 Generalem
1009 582 1455 670 collocatus
1505 601 1688 687 est,
1757 580 1867 664 ita
1920 578 2128 663 nulli
2180 579 2609 666 Abbatum
2658 579 2775 666 fas
2826 581 2981 666 erit
3031 572 3616 666 advenientem
3666 579 3853 677 Mo·

449 704 1286 816 nachum're'cipere,
1354 707 1502 789 nisi
1557 703 1886 817 licentia
1940 703 2246 815 proprii
2298 702 2648 786 Abbatis
2713 700 3140 820 Generalis
3201 705 3282 785 in
3328 703 3656 814 ‘scriptis
3708 701 3855 786 ob·

456 851 738 911 tenta:
825 825 1188 940 alioquin
1259 849 1418 909 tam
1473 826 1618 943 qui
1690 823 2039 934 recipit,
2105 838 2351 937 q'ua'm
2428 828 2571 939 qui
2618 825 3078 934 recipitur,
3151 852 3500 935 poenam
3568 821 3859 906 Mona·

457 944 804 1032 chorum
857 974 1252 1055 vagorum
1315 945 1691 1050 subeant,
1747 942 2087 1027 arbitrio
2140 941 2491 1025 Abbatis
2545 943 2995 1029 Generalis.
3066 943 3146 1024 Si
3189 945 3376 1060 quis
3426 973 3621 1028 vero
3672 941 3859 1027 Mo-

456 1064 768 1151 nachus
823 1099 863 1151 a
916 1069 1247 1180 proprio
1285 1065 1676 1177 Abbate,
1731 1064 1860 1147 vel
1915 1095 1956 1146 a
2011 1059 2437 1145 Fratribus
2496 1069 2676 1178 eju's
2747 1063 3257 1167 Monasterii,
3311 1067 3393 1147 in
3449 1094 3616 1180 quo
3671 1092 3856 1148 ver·

457 1208 731 1290 satur,
771 1217 856 1268 se
909 1189 1333 1297 injuriam,
1385 1209 1527 1269 aut
1578 1185 2228 1298 persecutionem
2282 1186 2447 1296 pati
2501 1182 3060 1288 affirmaverit,
3106 1185 3628 1301 volueritque
3680 1182 3855 1266 Ah-

456 1308 730 1391 batem
787 1306 1280 1417 Generalem
1323 1302 1547 1389 adire
1585 1340 1607 1413 3
1651 1334 1812 1387 non
1871 1301 2179 1385 idcirco
2231 1305 2302 1386 ei
2357 1304 2646 1389 licebit:
2698 1305 3168 1389 inconsulto
3223 1301 3517 1390 eodem
3569 1303 3859 1391 Abba·

457 1451 538 1511 te
605 1424 989 1510 Gener-ali
1048 1489 1070 1529 ,
1128 1449 1268 1508 aut
1320 1425 1601 1509 saltem
1688 1422 2014 1505 Abbate
2068 1458 2114 1525 ,·
2160 1442 2242 1506 et
2295 1420 2956 1536 Congregatione
3034 1422 3636 1508 M'onachorum
3727 1427 3855 1508 sui

458 1546 954 1629 Monasterii‘
992 1570 1464 1652 annuente,
1531 1560 1588 1628 e‘
1629 1544 2133 1626 Monasterio
2191 1541 2642 1656 proficisci3
2697 1543 2835 1630 sed
2893 1543 3144 1629 debet
3197 1543 3298 1628 ad
3356 1547 3621 1654 ipsum
3682 1544 3856 1627 Ab..

458 1667 738 1750 batem
799 1665 1294 1750 Generalem
1346 1664 1730 1768 scribere,
1795 1684 1879 1746 et
1931 1662 2346 1747 licentiam
2401 1664 2506 1746 ab
2545 1666 2685 1748 illo
2739 1668 3096 1777 primum
3169 1666 3606 1748 obtinere.-
3657 1665 3853 1749 alias

464 1785 572 1869 ab
645 1782 935 1869 eodem
1023 1786 1350 1869 Abbate
1433 1783 1819 1868 Generali
1869 1800 2289 1900 tanquam
2386 1813 2640 1897 vagus
2704 1788 3123 1896 puniatur.
3201 1785 3398 1866 XII.
3469 1782 3772 1869 Nullus
3807 1778 3848 1887 ⁴,

457 1908 768 1990 etiamsi
829 1905 1113 1989 Abbas
1172 1903 1418 1990 fuerit
1469 1969 1492 2009 ,
1551 1907 1804 2018 possit
1860 1905 1975 1987 ire
2026 1924 2240 1988 extra
2295 1935 2528 1987 suam
2600 1905 3114 1990 Provinciam
3197 1934 3703 2021 quocunque
3756 1911 3856 1988 ti-

458 2025 638 2108 tulo
676 2087 698 2128 ,
753 2026 887 2109 vel
935 2044 1406 2137 praetextu‚·
1448 2054 1716 2143 neque
1769 2020 2323 2136 acl-parentes,
2378 2029 3069 2134 consanguineos,
3122 2028 3253 2110 vel
3308 2022 3656 2134 affines;
3716 2056 3856 2110 ne·

459 2172 626 2261 que
682 2146 931 2229 ullam
993 2149 1723 2255 peregrinationem
1780 2146 2019 2229 etiam
2090 2172 2400 2257 sacram
2451 2149 2860 2257 suscipere
2897 2209 2919 2250 ,
2988 2149 3300 2263 absque
3365 2146 3694 2259 speciali
3742 2146 3856 2228 .li-

455 2268 725 2359 centia
794 2265 1146 2348 Abbatis
1211 2265 1688 2351 Generalis:
1757 2295 2033 2379 neque
2090 2296 2183 2348 ex
2237 2267 2959 2353 un0.Monasterio
3009 2266 3110 2350 acl
3177 2264 3403 2349 aliud
3468 2297 3554 2348 se
3597 2289 3853 2350 trans-

467 2384 679 2469 ferre
732 2389 990 2469 etiam·
1043 2416 1190 2499 pro
1242 2388 1844 2498 rebus‘proprii
1899 2383 2375 2468 Monasterii
2432 2387 2744 2500 absque
2798 2417 3202 2472 consensu
3271 2384 3856 2494 Congregatio-

462 2508 587 2589 nis
639 2505 1271 2613 Monachorum,
1339 2508 1489 2590 nisi
1545 2506 2170 2607 Monasterium,
2239 2502 2356 2587 ad·
2395 2507 2619 2622 quod
2674 2536 2760 2588 se
2812 2505 3155 2612 confert,
3224 2503 3430 2591 adeo
3482 2507 3854 2589 vicinum

459 2629 562 2708 sit
600 2686 623 2731 ,
692 2647 786 2707 ut
837 2657 1006 2708 uno
1061 2626 1200 2711 die
1268 2632 1385 2711 irc
1438 2622 1541 2708 ad
1608 2620 1844 2728 illud,
1910 2644 1991 2708 et
2045 2623 2312 2707 re'dire
2363 2624 2461 2708 ad
2520 2629 2942 2737 proprium
3024 2626 3620 2710 Monasterium
3662 2644 3668 2651 ’
3703 2657 3849 2712 νει-ἱ

460 2745 644 2829 leat.
716 2745 800 2827 Si
866 2749 1049 2861 quis
1107 2748 1387 2829 Abbas
1444 2734 1635 2828 liuic
1687 2747 2253 2827 constitutioni
2305 2750 2913 2829 contravenerit
2946 2811 2975 2849 ,
3028 2748 3155 2830 ab·
3199 2744 3526 2831 Abbate
3560 2738 3854 2832 Gene-

460 2866 603 2947 rali
663 2868 1076 2975 puniatur.
1122 2865 1400 2949 Ceteri
1451 2896 1647 2949 vero
1705 2862 2325 2948 Monachinon
2401 2865 2819 2968 Abbates,
2874 2867 3627 2985 qui-sine‘licentia
3681 2868 3852 2950 Ab*

460 2982 784 3066 batum·
822 3015 1159 3068 suorum
1214 2984 1316 3068 de
1370 3015 1539 3069 uno
1604 2985 2106 3068 Monasterio
2154 2986 2233 3067 iu
2309 2984 2545 3068 aliud·
2592 3011 2945 3097 pergunt
2983 3051 3004 3091 ,
3046 2989 3207 3070 :vet
3274 2992 3852 3100 peregrinatio·

461 3130 650 3185 nem
708 3107 1164 3216 suscipiunt
1197 3170 1224 3208 ‚
1293 3110 1373 3189 in
1433 3106 1932 3188 Monasterio
1984 3101 2519 3188 includantur
2572 3104 3315 3190 arbitrio-Abbatis
3351 3162 3395 3209 ,-
3442 3098 3585 3223 qui
3644 3110 3853 3221 jeju·

462 3216 692 3304 nium
754 3225 1085 3339 insuper
1123 3227 1279 3308 illis
1332 3223 1434 3308 ad
1491 3248 1816 3337 tempus
1866 3227 2384 3337 praescribat.
2424 3225 2669 3306 Xul.
2733 3225 2957 3309 Nulli
3001 3250 3161 3311 tam
3216 3221 3850 3334 Mon'ach'orurn,

464 3370 715 3458 quam
776 3342 1201 3428 Abbatum
1255 3344 1539 3430 licebit
1587 3349 1969 3447 ostiatim,
2026 3368 2167 3428 aut
2219 3377 2360 3458 per
2413 3376 2684 3458 pagos,
2726 3348 2897 3431 sive
2946 3342 3095 3459 pei·
3144 3348 3850 3431 ›Ecclesias·meu-

461 3463 764 3546 dicare.
823 3466 904 3547 Si
962 3487 1232 3549 tamen
1300 3465 1573 3580 aliqua
1631 3468 2059 3551 necessitas
2118 3458 2418 3579 urgens
2469 3468 2810 3550 suaserit
2863 3465 3175 3582 aliquid
3240 3465 3695 3580 petendum
3749 3469 3852 3557 ab

465 3581 740 3695 aliqua
794 3614 1182 3693 persona,
1252 3585 1335 3669 id
1390 3583 1533 3670 fiat
1589 3588 1960 3696 religiose
1996 3647 2020 3690 ,
2079 3608 2180 3670 et*
2241 3582 2608 3670 modeste
2665 3615 2806 3697 per
2857 3586 3308 3671 Monachos
3360 3587 3467 3670 ab
3527 3587 3852 3673 Abbate

464 3696 952 3810 designatos.
1024 3708 1103 3789 Si
1157 3737 1355 3794 vero
1420 3737 1564 3819 per
1614 3737 1858 3819 pagos
1897 3768 1922 3813 ,
1988 3707 2117 3789 vel
2171 3707 2542 3791 civitates
2593 3716 2924 3818 propter
2988 3737 3313 3816 gravem
3371 3707 3846 3793 Monasterii

459 3825 1026 3908 necessitatem
1097 3823 1741 3911 mendicandum
1796 3824 2104 3932 fuerit,
2173 3826 2256 3909 id
2323 3856 2488 3909 non
2564 3823 2765 3927 fiat,
2835 3831 2990 3909 nisi
3057 3828 3382 3913 licentia
3470 3828 3575 3911 ab
3635 3828 3851 3944 Epi-

459 3964 736 4051 scop0,
792 3967 874 4026 et.
930 3945 1143 4029 Rt’uo
1191 3947 1560 4030 Domino
1613 3944 2079 4033 Patriarcha
2156 3948 2236 4030 in
2294 3943 3076 4063 scriptis-habenda.

1835 4187 1909 4270 C
1983 4191 2048 4273 A
2123 4189 2213 4272 P.
2344 4184 2498 4269 IX.

1404 4429 1544 4513 De
1621 4431 2126 4544 subjectzsone
2186 4462 2386 4549 erga
2445 4430 2908 4516 Praelatos.

1102 4618 1108 4669 Ι
2526 4624 2531 4631 ,
3504 4614 3511 4621 ,

539 4668 643 4750 ·Ῑ.
715 4663 932 4748 Cum
989 4687 1264 4749 noster
1315 4665 1550 4752 Ordo
1589 4670 1670 4751 in
1714 4664 1988 4753 medio
2039 4667 2490 4754 Nationum
2549 4672 3199 4774 Haereticarum,
3239 4696 3320 4760 et
3370 4670 3843 4757 lnfidelium

457 4812 888 4883 versetur,
958 4809 1204 4903 atque
1283 4788 1387 4872 ab
1453 4788 1967 4874 Universalis
2033 4790 2452 4875 Ecclesiae
2506 4790 2801 4904 Capite
2868 4794 3215 4876 marium
3280 4817 3849 4907 terrarumque

459 4904 735 5018 spatiis
799 4902 1261 5013 disjunctus
1314 4912 1414 4991 sit
1466 4971 1489 5013 ,
1555 4904 2177 5016 diligentissime
2229 4935 2523 4995 curent
2574 4913 2858 5001 Abbas
2911 4911 3367 5018 Generalis,
3438 4915 3848 5024 Hegume-

459 5029 573 5128 ni,
631 5049 714 5108 et
763 5022 1135 5109 Abbates
1187 5028 1906 5134 Monasteriorum,
1960 5053 2209 5149 atque
2274 5031 2933 5138 provinciarum,
2989 5062 3446 5151 eorumque
3510 5034 3848 5137 Vicarii,

463 5176 570 5230 ne
640 5165 785 5229 aut
833 5173 928 5226 ex
995 5145 1858 5251 locorum-distantia,
1931 5175 2073 5234 aut
2137 5155 2688 5263 proximarum
2767 5156 3172 5239 Gentium
3249 5151 3850 5239 cousuetudine

464 5265 868 5361 charitas,
921 5288 1170 5383 atque
1219 5264 1553 5350 devotio
1603 5268 2202 5354 Monachorum
2276 5294 2463 5381 ‘erga
2536 5274 2615 5357 S.
2684 5273 2905 5359 Petri
2964 5274 3543 5386 Apostolorum
3604 5275 3847 5356 Prin-

463 5390 662 5500 cipis
693 5385 1215 5471 'Cathedram
1251 5449 1273 5492 ,
1338 5410 1421 5471 et.
1473 5386 1888 5472 Romanos
1936 5388 2380 5477 Pontifices
2431 5422 2770 5515 quoquo
2816 5392 3073 5478 'modo
3124 5393 3614 5505 refrigescat,
3646 5395 3848 5510 quin

462 5505 756 5590 sedulo
805 5530 1170 5613 satagant
1216 5571 1240 5604 ,
1306 5533 1402 5595 ut
1451 5538 1738 5594 omnes
1805 5509 2196 5601 Monachi
2249 5514 2714 5623 intelligant
2770 5513 3329 5599 obedientiam
3383 5579 3407 5613 ,
3476 5539 3558 5600 et
3620 5516 3853 5600 obse-

466 5631 755 5742 quium
810 5657 996 5735 erga
1053 5628 1354 5715 Sedem
1417 5630 1972 5744 Apostolicam
2031 5629 2485 5733 Romanam
2536 5666 2708 5721 esse
2748 5634 2976 5727 velut
3030 5661 3350 5722 nostrae
3407 5633 3853 5757 Religionis

717 5746 950 5831 Tom.
1007 5747 1122 5831 II.
2816 5756 2829 5765 ⁸
2881 5755 2956 5838 T
3007 5778 3043 5841 t
