4834 6409
1093 443 1153 507 2.

1008 453 1328 659 IZositae
1416 531 1991 646 concesserat-J
2044 533 2459 659 illumque
2539 531 2796 654 ipsius
2840 529 3269 624 Ecdlesiae
3317 529 3930 653 cappellanum
4005 527 4420 630 amovibil

888 759 897 770 ‚
1024 661 1196 747 lem
1257 660 1847 763 constituerat,
1909 690 2009 745 ac
2052 688 2203 774 per
2248 655 2643 746 eumdem
2693 655 3232 764 Clementem,
3268 654 3994 762 Praedecessorem
4044 659 4427 748 subinde

1024 775 1420 896 accept0‚
1498 774 1725 898 quod
1778 776 2050 863 dictus
2103 780 2501 864 Sil-verius
2552 778 2997 890 Presbyter
3045 776 3447 864 Fabricae
3496 779 3923 868 Ecclesiae
3971 776 4419 893 praefatae&

1027 898 1809 1018 domorumque-illi
1871 901 2452 1010 contiguarum
2528 923 2695 983 una
2779 927 2974 983 cum
3024 895 3268 983 horto
3319 959 3344 1003 ‚
3409 927 3558 982 seu
3635 896 4031 987 viridario
4080 959 4105 1005 ,
4186 925 4410 1018 quae

1033 1021 1210 1135 ipse
1262 1017 1653 1105 Clemens
1702 1015 2291 1106 praedecessor
2336 1020 2664 1133 propria
2718 1019 3085 1134 impensa
3137 1019 3514 1102 renovari
3556 1080 3580 1124 ,
3633 1042 3719 1104 et
3767 1023 4120 1135 reparari
4174 1051 4414 1106 cura·

998 1162 1250 1256 ⁸verat:
1284 1202 1309 1245 ,
1347 1136 1737 1224 sedulam
1799 1168 2133 1254 operam
2182 1139 2714 1252 praestitisset
2751 1198 2777 1243 ,
2831 1167 2927 1223 ac
2975 1137 3322 1247 singulis
3374 1144 3612 1223 annis
3667 1139 4163 1224 Sanctorum
4218 1139 4399 1227 Stes-

1027 1257 1297 1375 phani·
1345 1256 1746 1373 praedicti
1779 1291 1813 1362 ‚·
1859 1282 1942 1343 et
1993 1259 2318 1345 Silverii
2371 1257 2645 1373 Papae
2678 1319 2703 1364 ,
2783 1280 2868 1344 et
2915 1255 3300 1369 Martyris
3363 1254 3846 1345 festivitates
3922 1260 4408 1346 solemniter

1034 1380 1206 1463 suis
1256 1378 1727 1492 sumptibus
1779 1377 2269 1464 celebrasset
2300 1440 2331 1482 ,
2392 1375 2649 1494 idque
2695 1379 2948 1465 etiam
2995 1372 3388 1492 deinceps
3437 1400 3847 1493 praestare
3898 1403 4230 1493 paratus
4279 1378 4407 1465 so·

1031 1519 1161 1586 ret
1197 1558 1222 1603 ‚
1287 1495 1680 1583 Clemens
1731 1494 2318 1584 praedecessor
2382 1494 2700 1581 dictum
2753 1497 3199 1583 Silverium
3248 1496 3839 1611 Presbyterum
3907 1501 3993 1584 in
4049 1496 4409 1614 praefata

1029 1615 1569 1733 cappellania
1634 1614 1737 1702 ad
1789 1621 1916 1701 sui
1978 1620 2236 1703 vitam
2297 1615 2983 1720 confirmaverat,
3037 1638 3130 1701 et
3188 1637 3603 1734 quatenus
3653 1647 3865 1731 opus
3915 1642 4129 1705 esset
4179 1650 4404 1705 eam·

1026 1733 1223 1824 dem
1275 1735 1893 1851 Cappellaniam
1949 1768 2141 1824 cum
2206 1737 2641 1841 omnibus,
2706 1735 3165 1845 etsingulis
3213 1737 3579 1851 juribus,
3629 1738 3940 1824 salariis
3973 1801 3998 1845 ,
4050 1759 4139 1824 et
4185 1769 4420 1824 emo-·

1028 1857 1482 1960 lumentis,
1549 1879 1633 1942 et
1682 1854 2199 1963 honoribus,
2266 1880 2350 1942 et
2430 1856 2821 1941 oneribus
2892 1858 3148 1940 solitis
3187 1918 3211 1961 ,
3280 1879 3367 1942 et
3443 1861 3860 1944 consuetis
3925 1855 4198 1945 eidem
4255 1857 4416 1943 Sil·

1029 1980 1263 2065 verio
1312 1976 1810 2089 Presbytero
1871 1974 1974 2063 ad
2025 1980 2153 2061 sui
2222 1978 2473 2062 vitam
2521 1979 3084 2085 assignaverat
3119 2038 3143 2081 ‚
3198 1979 3443 2093 eique
3477 2039 3502 2084 ‚
3575 1999 3672 2063 ut
3725 1978 3969 2063 titulo
4039 1978 4412 2064 Rectoris

1031 2093 1411 2211 ejusdem
1460 2096 1887 2202 Ecclesiae
1938 2125 2131 2181 cum
2183 2126 2433 2182 onere
2487 2118 2757 2181 tamen
2845 2092 3069 2207 apud
3120 2094 3355 2180 illam
3397 2094 3898 2203 residendi,
3968 2101 4090 2183 uti
4147 2123 4420 2210 posset

1028 2212 1545 2327 indulserat3
1607 2214 1746 2303 sel.
1801 2247 1962 2302 rec.
2020 2213 2522 2302 Benedictus
2574 2214 2735 2297 PP.
2790 2213 3032 2297 XIII.
3087 2212 3677 2302 Praedecessor
3762 2219 4068 2333 pariter
4117 2218 4420 2303 Noster

1025 2332 1169 2421 bo.
1220 2363 1468 2422 mem.
1522 2334 1903 2423 Marcum
1959 2338 2429 2421 Antonium
2461 2333 2683 2419 'dum
2732 2337 3037 2447 pariter
3086 2336 3404 2421 viveret
3457 2337 3539 2420 S.
3582 2334 3680 2419 R.
3722 2334 3823 2420 E.
3876 2334 4408 2424 Cardinalem

1013 2451 1504 2556 ‚Anaideum
1558 2479 2010 2569 nuncupat.
2066 2477 2271 2540 tunc
2352 2456 2743 2569 temporis
2826 2452 3566 2569 Archiepiscopum
3611 2454 4092 2544 -Damiatem
4148 2455 4420 2543 eidem

1030 2572 1386 2662 silverio
1444 2576 1955 2689 Presbytero
2041 2572 2632 2687 Coadju'torem
2729 2583 2921 2657 curn
2996 2570 3277 2657 futura
3353 2578 3881 2663 successione
3967 2578 4050 2660 in
4129 2571 4410 2661 officio

1035 2691 1523 2809 Cappellani
1557 2758 1581 2801 ,
1654 2727 1754 2781 ac
1806 2693 2177 2781 Rectoris
2221 2694 2649 2781 Ecclesiae
2720 2690 3681 2808 hujusmodi-deputavit
3716 2756 3742 2795 ,
3811 2726 3911 2781 ac
3963 2693 4142 2808 ipsi*
4193 2696 4412 2780 Mar·

1030 2843 1132 2900 co
1184 2817 1551 2900 Antonio
1606 2813 2042 2900 Cardinali
2095 2838 2299 2900 tunc
2348 2814 2998 2925 Archiepiscopo
3048 2811 3507 2926 praefatum
3560 2811 3932 2900 officium
3985 2814 4420 2931 Cappell'as-

1026 2935 1115 3018 ni
1153 2994 1177 3039 ,
1251 2956 1335 3020 et
1386 2933 1755 3018 Rec'toris
1787 2998 1813 3038 ,
1887 2931 2595 3050 quandocumque
2647 2928 2855 3014 illud
2922 2941 3468 3043 percessum.‚
3529 2935 3669 3018 vel
3723 2931 4154 3019 decessum
4207 2931 4409 3022 dieti

1029 3052 1358 3140 Silverii
1412 3051 1881 3165 Presbyteri
1931 3114 1954 3158 ,
1998 3074 2144 3137 aut
2176 3053 2391 3137 :alias
2437 3048 3076 3169 quomodolibet
3114 3081 3213 3138 ex
3257 3057 3441 3166 ejus
3491 3079 4420 3166 persona-vacanewon-

1030 3171 1555 3282 tigisset,-ex
1609 3195 1810 3257 tunc
1858 3199 2053 3257 cum
2102 3172 2498 3256 omnibus
2536 3234 2578 3278 ,.
2614 3193 2698 3257 et
2743 3170 3084 3281 singulis
3134 3171 3443 3256 salariis
3480 3234 3505 3278 ,
3563 3175 3702 3256 ffet‘
3745 3174 4329 3260 emolumentis
4385 3221 4412 3279 ς

1030 3299 1247 3408 qu‘ae
1294 3288 1521 3378 idem
1576 3293 1976 3379 Silverius
2006 3291 2592 3407 percipiebat,
2639 3295 2830 3376 'hec
2879 3299 3045 3375 non
3091 3288 3557 3377 honoribus
3593 3352 3618 3397 ‚
3669 3314 3783 3378 ·et
3830 3289 4412 3379 oneribus-'‘so-

1033 3411 1207 3497 litis
1250 3472 1278 3516 ,
1351 3435 1439 3498 et
1506 3415 1917 3498 consuetis
1952 3474 1979 3517 ‚
2043 3434 2141 3497 etr
2192 3413 2670 3525 praesertim
2721 3411 3090 3520 singulis
3126 3416 3362 3495 annis
3411 3412 3914 3497 Sanctorum
3965 3413 4411 3527 Stephani,

1033 3553 1120 3617 et
1169 3529 2103 3647 Silverii.praesatoru=n
2168 3529 2648 3617 festivitates
2683 3593 2707 3635 ,
2777 3559 2929 3644 pro
3005 3533 3360 3646 quarum
3393 3530 3988 3621 celebratione
4063 3563 4109 3619 a
4153 3529 4417 3621 dicto

1033 3649 1385 3738 Silverio
1457 3652 1951 3765 Presbytero
2035 3650 2183 3736 dos
2270 3654 2712 3737 constituta
2764 3711 2789 3755 ,
2867 3669 2956 3733 et
3034 3652 3438 3755 assignata
3515 3647 3787 3737 fuerat
3825 3689 3859 3759 ·,
3924 3649 4414 3739 solemniter

1031 3768 1515 3856 celebrandi
1551 3834 1580 3873 ,
1632 3774 1742 3857 ita
1790 3795 1885 3858 ut
1948 3767 2381 3887 praedicto
2430 3770 2717 3855 Marco
2768 3768 3139 3853 Antonio
3189 3767 3616 3855 Cardinali
3674 3794 3878 3858 tunc
3940 3771 4413 3889 Aschiepis·

1031 3919 1241 4004 copo
1292 3888 1581 3976 liceret
1642 3893 1914 3976 statim
1998 3912 2282 3976 secuto
2359 3889 2597 3974 obitu
2649 3884 3023 3989 eiusdem
3079 3887 3406 3975 Silverii
3462 3888 3991 4001 Presbyteri,
4039 3915 4184 3977 aut
4233 3895 4409 4007 ipso

1032 4006 1427 4098 officium:
1474 4008 1957 4125 hujusmodi
2010 4008 2411 4115 cedente,
2465 4009 2601 4096 vel
2653 4004 3121 4091 dimittente
3151 4069 3173 4113 ‚
3206 4037 3350 4094 seu
3402 4007 3934 4096 alias'officio
3983 4008 4406 4124 praedicto

1030 4157 1131 4215 ex
1178 4134 1358 4245 ejus
1431 4160 1775 4243 persona
1844 4126 2475 4247 quomodolibet
2555 4147 2900 4212 vacante
2951 4125 3323 4237 ejusdem
3375 4125 3693 4232 officii,
3774 4160 3870 4214 ac
3948 4121 4389 4217 domorum

1033 4244 1304 4336 dictae
1351 4249 1774 4335 Ecclesiae
1859 4252 2434 4358 contiguarum
2508 4253 2674 4331 una
2760 4257 2952 4330 cum
3036 4244 3340 4351 horto,
3409 4261 3492 4334 e't
3549 4246 4014 4356 'viridario,
4096 4251 4404 4367 quibus

1030 4363 1259 4454 idem
1315 4370 1711 4455 Silverius
1762 4367 2202 4480 Presbyter
2278 4367 2706 4452 fruebatur
2742 4427 2765 4470 ,
2829 4371 3414 4477 possessionem
3455 4429 3479 4471 ‚
3568 4368 3701 4453 vel
3782 4372 4010 4485 quasi
4099 4401 4406 4484 posses·

1034 4488 1355 4574 sionem
1420 4486 2036 4600 apprehendere
2070 4550 2094 4592 ‚
2148 4509 2229 4573 et
2280 4490 2631 4573 retinere
2665 4549 2690 4592 ,
2745 4489 3183 4603 ipsumque
3231 4484 3603 4570 officium
3656 4519 3848 4574 cum
3900 4488 4402 4598 obligatione

1042 4629 1320 4693 tamen
1375 4606 1594 4721 apud
1645 4605 2019 4693 eamdem
2071 4606 2533 4692 Ecclesiam
2589 4601 2996 4696 residendi
3051 4636 3197 4719 per
3259 4621 3349 4689 ‘se
3403 4608 3667 4719 ipsum
3710 4669 3735 4713 ,
3789 4608 3921 4693 vel
3974 4607 4403 4720 Presbyte-

1035 4756 1224 4812 rum
1276 4727 1382 4813 ab
1434 4757 1532 4811 eo
1583 4724 1972 4840 deputan.
2044 4757 2420 4813 exercere
2474 4723 2575 4810 ad
2627 4730 2805 4839 ejus
2856 4719 3139 4806 itidem
3195 4727 3449 4809 vitam
3509 4729 3912 4814 concessit
3945 4791 3971 4834 ,
4026 4751 4108 4813 et
4160 4729 4388 4833 alias,

1028 4868 1279 4962 prout
1329 4848 1409 4931 in
1466 4846 1943 4933 eorumdem
2001 4845 2533 4953 Clementis,
2612 4867 2694 4929 et
2767 4838 3192 4928 Benedicti
3279 4840 4009 4934 praedecessorum
4089 4847 4391 4933 Literis

1027 4963 1387 5080 desuper
1456 4968 1539 5049 in
1607 4967 1852 5049 simili
1940 4963 2193 5054 forma
2276 4966 2558 5049 Brevis
2605 4961 2743 5050 die
2821 4961 2934 5048 X.
3016 4960 3408 5048 Octobris
3487 4964 3990 5072 MDCCV.‚
4090 4989 4200 5053 et·
4249 4965 4384 5055 die

1023 5084 1316 5176 XXX.
1400 5087 1749 5194 Augusti
1819 5083 2474 5177 MDCCXXIV.
2548 5086 2997 5199 respective
3094 5080 3488 5198 expeditis
3523 5148 3549 5191 ,
3635 5118 3990 5206 quarum
4077 5107 4400 5174 tenores

1026 5207 1603 5319 praesentibus
1660 5233 1809 5316 pro
1856 5204 2103 5316 plene
2139 5267 2164 5305 ‚
2212 5202 2870 5298 ‘etsufficienter
2919 5207 3377 5315 expressis,
3430 5238 3524 5292 ac
3576 5202 3680 5293 de
3748 5207 4006 5295 verbo
4057 5205 4157 5290 ad
4216 5239 4389 5291 ver·

1025 5325 1237 5414 bum
1287 5327 1615 5414 insertis
1677 5323 1965 5416 haberi
2026 5329 2462 5429 volumus,
2517 5323 2854 5408 uberius
2919 5325 3413 5412 continetur.
3474 5325 3727 5412 Porro
3775 5324 4071 5414 eodem
4122 5325 4380 5411 Silve-
4447 5367 4454 5373 ·

1027 5445 1165 5528 rio·
1206 5445 1700 5558 Presbytero
1746 5447 1914 5532 vita
1962 5440 2255 5536 functo
2288 5507 2314 5553 ,
2368 5441 2630 5530 factus
2678 5438 2839 5527 fuit
2891 5442 3119 5532 locus
3167 5447 3661 5531 successioni
3713 5443 3989 5535 officio
4040 5444 4394 5563 Cappel·

1034 5562 1266 5674 lani,
1330 5587 1414 5655 et
1465 5565 1831 5662 Rectoris
1880 5563 2361 5684 hujusmodi
2412 5562 2688 5654 favore
2735 5563 2991 5679 ipsius
3037 5564 3304 5653 Marci
3352 5565 3700 5657 Antonii
3747 5563 4216 5694 Cardinalis
4264 5572 4396 5683 ju.
