4834 6409
1548 355 1581 408 s
3697 343 3704 350 .

927 513 940 544 ,
3775 453 3846 550 3-

458 584 819 672 sentium
868 583 1294 670 literarum
1362 578 1905 690 transumptis
1956 638 1981 682 ,
2038 603 2193 662 seu
2241 568 2633 685 exemplis
2665 571 2964 662 -etiam
2995 568 3406 683 impressis
3457 599 3480 674 ,-
3569 598 3832 657 manu

463 704 817 820 alicujus
864 703 1181 792 Notarii
1238 699 1560 818 publici
1611 697 2091 811 subscriptis
2151 716 2235 781 et
2307 692 2574 803 sigillo
2629 719 3034 804 ,personae
3098 692 3185 776 in
3247 688 3828 780 Ecclesiastica

463 823 862 936 dignitate
916 827 1405 911 constitutae
1436 820 1781 907 munitis
1831 811 2116 904 eadem
2166 844 2506 927 prorsus·
2541 808 2755 898 fides
2805 833 2972 895 tam
3026 811 3134 898 in·
3162 806 3834 928 judieio³‚².quam

460 967 683 1032 extra
732 942 943 1042 illud
995 942 1458 1048 habeatur,
1525 968 1737 1056 quae
1799 935 2245 1023 haberetur
2318 935 2511 1047 ipsis
2594 930 3216 1045 praesentibus,
3281 933 3346 1015 si
3414 929 3826 1020 exhibitae

462 1063 737 1150 forent
773 1064 995 1169 ‚vel
1050 1087 1439 1150 ostensae,
1512 1059 1829 1143 Datum
1879 1056 2188 1146 Romae
2239 1051 2463 1168 apud
2511 1054 2912 1140 Sanctum
2964 1049 3308 1138 Petrum
3358 1051 3517 1137 sub
3569 1084 3833 1140 annu·-

465 1186 550 1270 lo
598 1184 1026 1290 piscatoris
1103 1181 1484 1269 dievll.
1550 1177 2040 1266 Decembris
2086 1172 2582 1262 MDCCIII.
2645 1167 3195 1260 pontificatus
3254 1171 3533 1260 Nostri
3617 1205 3839 1261 anno

468 1306 733 1392 tertio.
2919 1393 2924 1398 ι
3303 1367 3308 1374 ,
3568 1356 3572 1359 ,

740 1457 751 1464 ·
2875 1487 2882 1496 .
2979 1414 3084 1497 F.
3147 1411 3610 1500 Oliverius..

775 1796 1212 1879 Concessio
1287 1791 2024 1909 Indulgentiamm
2063 1839 2087 1893 9
2152 1804 2235 1869 et
2315 1782 2969 1906 Privilegiorum
3031 1812 3194 1896 ‘pro
3233 1778 3537 1868 Induis.

1035 2021 2160 2145 CLEMENS
2288 1999 3717 2156 PAPA2X·1.1----

1488 2269 1642 2358 Ad
1666 2270 2075 2388 fitur-am
2126 2280 2255 2358 rei
2316 2271 2842 2360 memoriam.

604 2418 1195 2599 Animarum
1246 2512 1485 2598 saluti
1540 2538 1872 2626 paterna
1928 2514 2321 2600 charitate
2384 2517 2678 2601 intenti
2765 2510 3518 2624 supplicationibus·
3560 2507 3860 2633 dilecti

483 2635 632 2721 filii
682 2632 1118 2720 Michaelis
1210 2635 1502 2745 Angeli
1556 2635 2047 2722 Tamburini
2116 2636 2544 2719 Societatis
2622 2631 2821 2717 Jesu
2893 2632 3341 2747 Praepositi
3413 2628 3850 2718 Generalis

488 2760 827 2840 nomine
909 2751 1170 2837 Nobis
1246 2784 1492 2867 super
1542 2751 1700 2840 hoc
1758 2755 2202 2840 humiliter
2262 2756 2661 2866 porrectis
2723 2751 3152 2855 inclinati,
3237 2775 3332 2835 ac
3383 2751 3843 2836 multorum

481 2874 1201 2987 praedecessorum
1261 2896 1726 2960 nostrorum
1783 2875 2341 2960 Romanorum
2410 2867 2914 2956 Pontificum
2969 2873 3372 2980 vestigiis·
3418 2867 3855 2956 inhaeren-

486 3019 610 3080 tes
647 3060 668 3099 ‚
737 2991 838 3078 de
893 2993 1517 3107 Omnipotemis
1557 2994 1718 3080 Dei
1772 2989 2321 3080 misericordia
2355 3053 2379 3097 ,
2447 3022 2539 3076 ac
2592 2991 3031 3075 Beatorum
3125 2990 3412 3095 Petri,
3475 3011 3558 3073 et
3609 2990 3856 3077 Pauli

489 3115 1073 3226 Apostolorum
1128 3118 1840 3227 ejusauctoritate
1891 3109 2174 3199 confisi
2216 3175 2238 3217 ‚
2302 3111 2694 3197 omnibus
2732 3107 3039 3194 Christi
3080 3107 3476 3195 fidelibus
3529 3112 3614 3195 in
3670 3115 3857 3227 qui-

364 3265 379 3274 *
481 3234 1006 3349 buscumque
1059 3231 1375 3317 Oceani
1432 3231 1741 3339 Indus,
1809 3255 1951 3318 aut
2005 3233 2382 3317 Sinarum
2441 3229 2802 3339 Regione
2839 3291 2861 3335 ‚
2940 3229 3071 3316 vel
3125 3230 3461 3315 Brasilia
3545 3235 3855 3317 consti-

482 3356 678 3437 tutis
738 3352 1363 3465 praesentibus,
1396 3375 1497 3437 —et
1547 3348 1849 3438 suturis
1899 3384 2089 3438 vere
2142 3350 2759 3465 poenitentibus
2795 3411 2818 3455 ,
2884 3372 2968 3434 et
3032 3346 3420 3435 confessis
3462 3414 3485 3460 ,
3553 3381 3647 3436 ac
3711 3352 3854 3437 Sa·-

488 3503 620 3556 cra
676 3471 1295 3557 Communione
1346 3468 1667 3557 refectis
1702 3536 1725 3577 ‚
1793 3475 2113 3590 quoties
2163 3473 2524 3589 aliquem
2588 3466 3283 3573 ex.infidelitate'‚
3350 3493 3438 3557 et
3495 3469 3852 3556 idolola-

487 3595 639 3677 tria
718 3589 823 3677 ad
874 3596 1043 3677 veri
1093 3591 1253 3675 Dei
1307 3595 1857 3702 cognitionem
1915 3589 2449 3695 reduxerint,
2531 3591 2979 3704 plenariam
3049 3620 3204 3676 nec
3286 3621 3451 3677 non
3531 3588 3855 3677 eisdem

493 3713 737 3796 etiam
788 3739 983 3797 vere
1029 3711 1644 3826 poenitentibus
1680 3775 1703 3818 ‚
1769 3734 1851 3798 et
1902 3709 2286 3797 confessis
2319 3774 2343 3820 ‚
2437 3713 2516 3794 S.
2587 3707 2957 3793 Thomae
3012 3711 3396 3824 Apostoli·
3444 3715 3530 3796 in
3587 3709 3848 3796 Indiis
3937 3700 3962 3720 ’

492 3828 871 3943 praefatis
904 3891 931 3935 ·‚
986 3832 1119 3916 vel
1168 3831 1531 3945 aliquam
1581 3863 1675 3919 ex
1728 3834 1971 3917 certis
2016 3829 2512 3917 dilectorum
2561 3826 2923 3913 filiorum
2964 3827 3642 3946 presbyterorum
3696 3831 3843 3915 So-

490 3953 675 4035 ciet.
728 3949 926 4035 Jesu
975 3950 1370 4037 Ecclesiis
1420 3952 1746 4037 illarum
1812 3954 2170 4064 partium
2231 3950 2468 4053 De0‚
2548 3949 2682 4033 vel
2759 3952 2842 4033 in
2898 3948 3295 4040 honorem
3350 3953 3846 4037 Sanctorum

491 4077 781 4156 erectis
810 4133 834 4175 ‚
890 4101 1041 4158 nec
1094 4102 1261 4156 non
1311 4100 1598 4156 omnes
1625 4136 1654 4174 ,
1705 4093 1787 4157 et
1821 4072 2178 4180 singulas
2226 4065 2710 4182 hujusmodi
2738 4068 3194 4176 Ecclesias,
3233 4070 3847 4180 ‘Collegiorum,

489 4188 999 4296 Domorum,
1054 4212 1136 4276 et
1172 4187 1829 4278 Residentiarum
1880 4187 2252 4294 ejusdem
2304 4190 2727 4274 Societatis
2750 4188 3210 4299 Regionum·
3262 4189 3839 4306 praefatarum,

496 4309 779 4392 saltem
834 4313 1048 4394 inter
1096 4340 1180 4394 se
1230 4341 1379 4424 per
1426 4333 1761 4395 centum
1812 4311 2191 4395 milliaria
2244 4306 2691 4410 distantes,
2743 4330 2836 4392 ut
2884 4338 3124 4422 supra
3167 4376 3188 4415 ‚
3257 4335 3568 4397 erectas
3604 4374 3629 4419 ,
3694 4313 3863 4395 sin·

467 4427 709 4536 -g'ulis
758 4431 993 4512 annis
1043 4450 1396 4544 quatuor
1442 4426 1734 4514 diebus
1816 4426 2036 4514 festis
2085 4429 2430 4514 Domini
2482 4426 2818 4533 Nostri,
2907 4428 2996 4510 Β.
3051 4429 3364 4518 Mariae
3411 4430 3792 4542 Virginis
3830 4496 3859 4535 ,

433 4557 465 4576 ⁵·
498 4570 641 4631 aut
691 4547 1180 4633 Sanctorum
1234 4580 1378 4663 per
1426 4546 1693 4634 dictae
1759 4549 2183 4634 Societatis
2234 4550 2800 4660 Praepositum
2863 4545 3356 4636 Generalem
3409 4547 3849 4661 designan-

448 4659 675 4769 ssis,
740 4667 1312 4774 visitantibus,
1376 4691 1459 4753 et
1511 4669 1716 4752 inibi
1771 4669 1907 4752 SS-
1963 4667 2532 4754 Eucharistiae
2595 4667 3219 4754 Sacramentum
3270 4671 3793 4756 sumentibus
3836 4735 3865 4774 ,

498 4810 581 4868 et
630 4816 779 4896 pro
829 4785 1343 4893 Gentilium,
1406 4809 1494 4874 et
1558 4788 2178 4875 Haereticorum
2246 4789 2779 4904 conversione
2841 4790 3011 4900 pias
3063 4786 3169 4873 ad
3227 4788 3506 4876 Deum
3570 4819 3853 4904 preces

498 4901 1046 4994 fundentibus
1076 4969 1099 5011 ,
1164 4909 1408 4994 etiam
1458 4908 1963 5020 plenariam3
2004 4906 2424 4992 Omnibus
2459 4909 2707 4992 etiam
2755 4929 2841 4991 et
2892 4909 3233 5018 singulis
3286 4931 3448 4996 tam
3501 4910 3855 5021 Presby-

468 5026 747 5129 ,teris,
788 5056 1036 5141 quam
1076 5025 1252 5111 aliis
1288 5025 1391 5114 de
1427 5025 1646 5114 dicta
1685 5027 2089 5113 societate
2125 5026 2705 5132 existentibus,
2760 5057 2968 5144 quos
3005 5030 3088 5111 in
3129 5029 3506 5148 qualibet
3555 5034 3859 5114 utrius·

502 5173 672 5261 que
724 5141 1008 5232 Indiae
1060 5145 1422 5257 Regione
1448 5211 1477 5249 ,
1542 5148 1671 5234 vel
1722 5147 2039 5236 Oceani
2093 5145 2366 5230 Insula
2399 5210 2429 5249 ,
2493 5166 2637 5230 aut
2688 5150 3216 5256 navigatione,
3252 5181 3404 5265 pro
3466 5146 3662 5234 fidei
3718 5180 3862 5236 ne·

500 5259 728 5372 gotio
784 5263 1108 5371 eundo,
1160 5267 1293 5351 vel
1349 5257 1779 5353 redeundo
1828 5267 2035 5353 mori
2090 5269 2527 5376 contigerit
2561 5327 2584 5371 ‚
2622 5267 2746 5350 “in
2809 5268 3260 5380 cujuslibet
3309 5299 3592 5354 eorum
3645 5301 3869 5355 mor-

503 5385 617 5466 tis
662 5384 1063 5490 articu10‚
1128 5386 1415 5471 saltem
1468 5389 1836 5472 contritis
1866 5450 1889 5491 ‚
1954 5409 2037 5474 et
2084 5383 2472 5472 confessis
2519 5388 3255 5474 si·communicare
3308 5390 3866 5504 nequiverint,

512 5503 958 5612 plenariam
1010 5507 1356 5620 pariter:
1432 5504 1960 5592 Scholaribus
2026 5537 2227 5593 vero
2274 5508 2357 5591 in
2412 5528 2765 5622 utraque
2819 5505 3054 5592 India
3112 5505 3652 5596 existentibus
3689 5561 3746 5615 ,-
3784 5546 3879 5600 ac

450 5671 475 5688 --
510 5619 1183 5713 Confraternitati
1234 5625 1327 5709 B.
1379 5626 1688 5728 Mariae
1736 5627 2101 5738 Virginis
2164 5627 2282 5712 ibi
2348 5631 2766 5714 canonice.
2826 5625 3316 5831 inxitutae„
3385 5626 3871 5748 adscriptis,

3051 5779 3096 5832 2
