4834 6409
3594 542 3770 642 383

385 687 531 753 aut
580 667 957 781 ingerere
999 673 1356 784 potuisse
1403 676 1588 789 jure
1641 691 2215 785 praesumptus
2265 669 2537 759 fuerit.
2578 666 2683 753 V.
2741 669 2824 755 Si
2879 669 3065 788 quis
3116 664 3549 755 dormierit
3595 669 3775 754 sine

386 790 669 875 tunica
716 854 748 893 ‚
809 814 896 878 et
947 793 1306 879 cucullo.
1385 794 1540 880 VI.
1613 794 1696 878 Si
1749 793 1934 908 quis
1997 795 2338 881 exiverit
2385 795 2564 881 sine
2627 792 2867 878 Socio
2914 791 3381 902 assignato,
3461 810 3609 874 aut
3679 788 3776 872 il-

385 907 564 994 lum
641 915 1150 1018 mutaverit,
1229 939 1369 1001 aut
1435 939 1655 1002 extra
1717 911 2315 1006 Monasterium
2378 916 2804 1036 reliquerit
2850 974 2875 1020 ,
2937 912 3088 1011 ‚vel
3147 910 3370 998 solus
3446 911 3626 995 sine
3667 908 3773 993 -li-
3836 922 3888 946 ‘⁸

388 1031 655 1117 centia
720 1034 961 1120 iverit
1010 1069 1032 1142 z,
1088 1036 1219 1124 vel
1270 1035 1499 1145 hora,
1554 1068 1719 1156 qua
1782 1035 1866 1118 in
1920 1039 2521 1126 Monasterium
2590 1031 2857 1133 redire
2906 1031 3157 1120 debet
3194 1096 3219 1139 ,
3287 1061 3457 1117 non
3508 1027 3772 1117 redie-

385 1152 517 1238 rit.
572 1151 763 1240 VII.
832 1156 914 1240 Si
981 1160 1166 1274 quis
1228 1191 1326 1245 ex
1378 1159 1583 1245 cella
1636 1152 2128 1269 egrediatur,
2181 1182 2265 1244 et
2313 1190 2463 1275 per
2523 1157 3122 1241 Monasterium
3173 1176 3516 1267 vagetur
3568 1175 3774 1238 tem·

386 1302 586 1386 pore
648 1272 1190 1362 dormitionis.
1261 1278 1501 1363 VIII.
1576 1279 1655 1364 Si
1728 1278 1913 1396 quis
1989 1276 2490 1365 medicinam
2571 1280 3074 1392 sumpserit,
3143 1297 3286 1361 aut
3348 1275 3770 1384 sanguinis

385 1394 938 1481 minutionem
1017 1395 1305 1485 fecerit
1364 1405 1542 1485 sine
1596 1399 1949 1484 licentia.
2020 1398 2169 1483 IX.
2229 1402 2311 1484 Si
2367 1404 2552 1517 quis
2617 1400 2947 1513 culpam
3000 1398 3522 1512 praeteritam
3575 1393 3771 1479 Fra-

387 1515 544 1625 tri,
613 1546 759 1628 pro
810 1547 975 1632 qua
1043 1516 1582 1625 satisfecerit,
1648 1522 2346 1632 improperaverit.
2412 1521 2524 1606 X.
2593 1521 2676 1606 Si
2729 1520 2914 1636 quis
2975 1520 3389 1634 jejunium
3439 1516 3545 1601 ab
3608 1514 3768 1606 Or·

385 1628 585 1720 dine
647 1640 1241 1752 praescriptum
1293 1637 1645 1754 fregerit.
1701 1638 1856 1722 Xl.
1926 1640 2008 1724 Si
2064 1645 2247 1758 quis
2298 1642 2630 1728 Missam
2664 1705 2686 1747 ,
2762 1636 3387 1726 Confessionem
3439 1700 3463 1743 ,
3519 1632 3772 1721 Com·-

384 1756 904 1863 munionem,
958 1783 1102 1845 aut
1150 1758 1554 1848 Officium
1605 1761 2016 1847 Divinum
2071 1766 2151 1846 in
2220 1761 2505 1849 Choro
2556 1766 2734 1848 sine
2787 1761 3116 1848 licentia
3167 1760 3570 1845 omiserit.
3610 1753 3775 1844 Pro

385 1872 927 1990 supradictis,
995 1874 1077 1967 et
1125 1882 1536 1969 similibus
1585 1882 1849 1993 culpis
1903 1882 2388 1994 injungatur
2439 1887 2852 2001 jejunium
2885 1945 2909 1988 ,
2979 1905 3064 1968 et
3109 1882 3485 1966 strictum
3535 1879 3782 1963 silen-

385 1995 598 2079 tium
661 2027 811 2110 per
858 1999 1202 2119 aliquod
1272 2025 1626 2121 tempus
1691 2003 2340 2092 Genuflexiones
2390 2054 2414 2112 ,
2472 2014 2558 2092 et
2604 2005 3186 2120 prostrationes
3234 2024 3606 2114 tempore
3658 2030 3779 2084 re·
3886 2080 3903 2089 ,

385 2110 767 2202 fectionis
833 2126 1301 2209 communis
1336 2187 1362 2230 ,
1424 2150 1568 2213 aut
1622 2128 1708 2212 in
1762 2121 2160 2210 Ecclesia.
2211 2120 2522 2213 Psalmi
2605 2128 2851 2211 etiam
2888 2187 2913 2230 ,
2978 2148 3068 2212 et·
3114 2122 3557 2208 Orationes
3634 2119 3778 2207 ali-

386 2258 597 2356 quot
641 2235 1137 2333 Dominicae
1188 2244 1659 2334 secundum
1714 2238 2295 2334 discretionem
2348 2247 2727 2334 Abbatis.

1791 2486 1863 2572 C
1893 2485 2007 2601 ,A
2070 2486 2163 2571 P.
2279 2486 2380 2572 V.

1292 2752 1299 2765 ·
1351 2730 1491 2834 ,De
1542 2678 1960 2816 Graviori·
2004 2678 2310 2843 Culpa,
2366 2746 2449 2811 et
2511 2731 2824 2817 Poena.

370 2963 374 2967 ¹
511 2971 869 3062 Gravior
922 2967 1163 3084 culpa
1215 2990 1360 3055 est.
1418 2965 1482 3052 1.
1539 2968 1624 3056 Si
1677 2971 1862 3088 quis
1909 2967 2244 3083 Jejunia
2299 2967 2728 3057 Ecclesiae
2776 2967 3234 3057 violaverit.
3292 2968 3399 3053 ΙΙ.
3456 2970 3537 3054 Si
3591 2971 3778 3086 quis

388 3117 824 3207 peccatum
877 3089 1220 3179 mortale
1273 3086 1704 3177 manifeste
1769 3092 2272 3177 commiserit
2333 3114 2620 3177 contra
2667 3111 3103 3204 praecepta
3152 3089 3376 3191 Dei,
3429 3090 3564 3177 vel
3614 3090 3782 3179 Ec·

393 3213 732 3306 clesiaet
790 3232 1111 3327 praeter
1145 3241 1378 3297 casus
1426 3208 1639 3296 infra
1693 3207 2271 3315 recensendos,
2323 3241 2516 3296 cum
2579 3209 2686 3297 de
2723 3211 3189 3321 gravissima
3231 3211 3474 3326 culpa
3513 3240 3782 3298 sermo

271 3350 278 3359 '
392 3337 570 3422 erit.
639 3332 789 3418 111.
859 3331 944 3416 Si
997 3332 1182 3448 quis
1232 3335 1499 3417 sciens
1548 3354 1632 3419 et
1707 3331 1997 3417 volens
2063 3334 2555 3419 sententiam
2606 3333 3483 3420 excommunicationis
3535 3398 3562 3439 ,
3640 3355 3783 3419 aut

225 3530 267 3547 ..
390 3456 970 3569 suspensionis,
1021 3453 1465 3539 incurrerit
1523 3484 1571 3537 a
1641 3453 1828 3566 jure
1902 3452 2040 3540 vel
2102 3451 2208 3536 ab
2281 3450 2619 3539 homine
2685 3455 2990 3559 latam,
3048 3477 3209 3539 tam
3284 3487 3326 3539 a
3403 3453 3779 3541 Praelato

388 3576 974 3673 Ecclesiastico
1020 3634 1047 3678 ,
1115 3603 1368 3691 quam
1417 3606 1463 3663 a
1518 3571 1958 3688 Superiore
2030 3571 2492 3683 Religioso3
2558 3573 2947 3693 Exceptis
3003 3576 3204 3660 item
3256 3574 3581 3661 casibus
3613 3639 3636 3681 ,
3690 3577 3778 3660 in

391 3696 701 3814 quibus
763 3696 873 3780 ob
934 3696 1501 3803 gravissimam
1551 3692 1911 3809 -culpam
2002 3696 2805 3801 excommunicatio,
2876 3693 3005 3782 vel
3072 3698 3498 3808 suspensio
3559 3694 3778 3781 infli-

389 3821 636 3932 gitur.
693 3818 840 3906 IV.
894 3816 981 3901 Si
1031 3815 1219 3933 quis
1269 3816 1535 3902 sciens
1598 3845 1683 3901 se
1759 3845 1935 3901 esse
1980 3816 2817 3921 excommunicatum,
2884 3838 3031 3901 aut
3104 3845 3628 3928 suspensum,
3677 3838 3778 3902 ut

395 3960 668 4052 supra,
722 3937 1325 4040 celebraverit,
1380 3934 1511 4023 vel
1566 3935 1649 4019 in
1703 3937 1870 4021 suis
1920 3933 2386 4020 Ordinibus
2438 3936 3046 4022 ministraverit.
3089 3936 3195 4020 V.
3263 3939 3351 4021 Si
3414 3939 3602 4055 quis
3650 3968 3781 4023 ca⁶

393 4057 801 4144 lumniam
853 4059 941 4140 in
1021 4052 1394 4143 Fratrem
1442 4058 1829 4144 struxerit
1863 4118 1890 4161 ,
1941 4057 2113 4142 sive
2164 4055 2248 4139 in
2295 4052 2366 4137 ,J
2373 4052 2648 4141 udicio
2683 4118 2708 4162 ,
2761 4059 2933 4142 sive
2995 4058 3404 4171 privatim.
3470 4056 3618 4141 VI.
3686 4059 3776 4146 Si

393 4180 584 4300 quis
632 4208 778 4295 per
825 4174 971 4282 fas,
1025 4196 1170 4261 aut
1220 4170 1446 4261 nefas
1492 4178 2104 4287 procuraverit,
2162 4196 2254 4260 nt
2322 4177 2495 4288 ipse
2544 4238 2569 4284 ,
2624 4177 2755 4264 vel
2830 4177 3035 4263 alter
3084 4180 3482 4263 eximatur
3508 4213 3561 4265 «a
3612 4214 3773 4301 po-

394 4320 684 4389 testate
736 4294 1197 4410 Superioris
1231 4355 1256 4401 ,
1323 4316 1494 4381 tam
1545 4294 2019 4383 Monasterii
2050 4358 2075 4402 ,
2127 4325 2376 4413 quam
2443 4296 2959 4400 Provinciae,
3011 4321 3157 4383 aut
3204 4296 3560 4385 Abbatis
3609 4305 3778 4391 Ge·

397 4419 720 4509 net-alis.
773 4417 967 4504 V11.
1024 4417 1109 4504 Si
1163 4417 1350 4533 quis
1399 4447 1546 4530 per
1593 4419 2226 4522 contumaciam,
2267 4417 2399 4502 vel
2443 4414 2952 4504 manifestam
3007 4419 3542 4506 rebellionem
3599 4424 3779 4509 ino-

392 4537 740 4629 bediens
766 4570 919 4625 suo
957 4537 1374 4651 Superiori
1412 4533 1689 4644 suerit,
1725 4536 1857 4625 vel
1890 4567 2086 4651 cum·
2112 4566 2213 4622 eo
2248 4538 2497 4642 intus,
2529 4561 2673 4624 aut
2700 4561 2917 4625 extra
2954 4537 3505 4626 contenderit.
3526 4543 3762 4629 V111.

394 4663 479 4749 Si
545 4664 732 4781 quis
770 4661 1098 4759 Secreta
1173 4654 1928 4769 Congregationum
1983 4656 2440 4762 Generalis,
2492 4657 3205 4770 Hegumenorum,
3262 4661 3778 4771 Provinciae,

341 4805 482 4870 -et
527 4782 1222 4871 Monasteriorum
1271 4840 1297 4886 ,
1388 4778 1567 4864 aliis
1628 4775 2066 4866 Monachis
2128 4778 2300 4864 sive
2383 4774 2828 4887 Professis,
2892 4782 3068 4868 sive
3119 4780 3488 4870 Novitiis
3537 4849 3566 4889 ,
3641 4789 3779 4875 vel

396 4904 645 4989 etiam
696 4904 1051 4990 externis
1104 4923 1412 4989 temere
1451 4897 1959 4987 revelaverit.
2013 4895 2168 4982 IX.
2223 4897 2305 4982 Si
2358 4902 2550 5018 quis
2593 4898 2969 4988 Decretis
3019 4899 3777 5015 Congregationum

392 5019 997 5112 antedictarum
1047 5050 1135 5105 se
1205 5049 1292 5107 se
1365 5022 1899 5133 opposuerit,
1960 5042 2109 5118 ¹aut
2184 5020 2606 5135 Superiori
2684 5023 3222 5137 praecipienti
3303 5023 3621 5140 aliquid
3690 5027 3820 5114 inf

390 5145 701 5233 virtute
749 5164 1082 5231 sanctae
1145 5137 1673 5227 obedientiae
1720 5137 2330 5259 contradixerit.
2380 5140 2496 5227 X.
2559 5143 2645 5231 Si
2696 5144 2883 5260 quis
2936 5142 3311 5232 Praelato
3371 5144 3783 5236 Ecclesia·-

393 5268 603 5352 stico
648 5327 680 5370 ,
729 5284 874 5351 aut
929 5262 1290 5376 Principi
1343 5262 1738 5349 saeculari
1786 5262 1873 5346 in
1926 5262 2043 5348 eis
2070 5323 2101 5366 ,
2149 5292 2365 5380 quae
2412 5260 2518 5350 ad
2569 5262 2753 5350 illos
2802 5288 3203 5381 spectant,
3241 5265 3776 5380 inobediens,

396 5409 482 5471 et
532 5408 977 5473 contumax
1038 5384 1420 5473 extiterit.
1486 5382 1649 5476 Pro
1698 5378 2236 5497 hujusmodi,
2301 5406 2386 5472 et
2433 5384 2846 5473 similibus
2896 5387 3161 5501 culpis
3225 5389 3773 5504 injungantur

398 5504 757 5618 Jejunia.
813 5505 1026 5595 Item
1077 5506 1534 5616 assignetur
1580 5503 1923 5592 ultimus
1983 5502 2240 5591 locus.
2306 5506 2753 5594 Prostratio
2803 5530 2996 5595 ante
3068 5503 3282 5595 fores
3358 5508 3690 5628 Templi
3745 5578 3770 5621 ‚

393 5628 530 5713 vel
584 5625 1025 5717 Refectorii
1061 5688 1088 5733 ,
1150 5622 1288 5713 vel
1337 5622 1652 5733 Chori,
1715 5619 1920 5711 dum
1970 5622 2297 5715 Fratres
2345 5627 2683 5716 intrant.
2754 5628 3185 5746 sejunctio
3218 5692 3245 5737 ,
3297 5652 3443 5717 aut
3488 5640 3774 5751 sequess

396 5751 679 5836 stratio
727 5781 773 5838 a
836 5744 1318 5857 Fratribus,
1379 5748 1508 5836 ita·
1543 5767 1639 5837 ut
1701 5746 1985 5836 nullus
2062 5744 2449 5839 Fratrum
2497 5744 2801 5837 audeat
2859 5780 2946 5836 se
2992 5749 3114 5838 illi
3192 5754 3698 5870 conjungere
3732 5820 3759 5863 ,
