4834 6409
1028 588 1272 677 cant,
1325 571 1594 686 majus
1641 562 2023 684 dubium
2064 595 2236 659 esse
2283 570 2754 690 accepimus
2805 633 2829 678 ‚
2896 599 3089 657 cum
3141 565 3455 658 eisdem
3508 569 3780 659 mixtis
3805 589 3840 678 “,
3911 599 4119 692 quos
4178 577 4434 673 sinui-³,

1024 688 1212 776 liter
1259 686 1365 777 ad
1412 689 1646 778 hunc
1695 688 2090 778 effectum
2131 692 2621 810 Neophytos
2669 690 3127 781 censendos
3201 724 3376 780 esse
3425 687 3948 782 decernimus
3997 757 4022 801 ‚
4077 701 4163 784 in
4215 728 4428 811 gra·.,

1025 805 1271 898 dibus
1306 875 1331 919 ‚
1411 835 1494 900 et
1539 816 2079 900 matrimoniis
2128 819 2569 902 contractis
2605 879 2630 924 ,
2708 836 2793 901 et
2843 810 3428 902 contrahendis
3464 877 3487 920 ‚
3539 811 3921 928 praefatis
3969 820 4216 928 gratis
4266 840 4386 905 ta-

1020 943 1262 1041 m‘en,
1315 930 1772 1022 dummodo
1839 966 2005 1022 non
2058 939 2168 1023 ita
2218 934 2460 1025 facile
2510 933 2597 1022 id
2645 933 2790 1023 fiat
2823 997 2847 1043 ,
2901 933 3371 1051 dispensare
3408 998 3432 1042 ‚
3499 932 3979 1054 eisdemque
4040 937 4396 1054 Presby-

1020 1056 1212 1139 t'e'ris
1261 1050 1735 1141 facultatem
1806 1052 2161 1173 desuper
2212 1054 2749 1146 concedimus
2815 1080 3389 1174 opportunam.
3457 1054 4026 1143 Decernentes
4059 1121 4086 1165 ,
4155 1058 4393 1154 Pres-

1018 1170 1672 1288 b‘yterosdictae
1725 1177 2150 1265 Societatis
2200 1207 2446 1295 super
2489 1178 2951 1293 praemissis
2984 1242 3010 1286 ,
3061 1202 3147 1266 et
3194 1177 3372 1264 aliis
3423 1181 3646 1264 'uxta
3682 1173 4112 1270 facultates
4162 1211 4393 1291 prae·
4509 1269 4524 1282 ,

1016 1290 1289 1403 ίέιιεε,·
1337 1319 1421 1382 et
1464 1297 1787 1410 illarum
1837 1300 2116 1410 vigore
2155 1364 2179 1406 ‚
2232 1322 2547 1388 servata
2635 1324 2908 1387 tamen
2983 1300 3317 1390 illarum
3391 1209 3653 1384 sjorma
3739 1294 4241 1414 exequendis
4292 1330 4389 1387 ex

1020 1420 1317 1534 quovis
1365 1416 1526 1503 alio
1573 1439 1992 1533 praetextu
2031 1485 2055 1527 ‚
2111 1422 2246 1507 vel
2290 1423 2589 1540 quovis
2647 1422 2920 1509 colore
2973 1451 3117 1535 per
3153 1445 3749 1539 'quoscumque
3800 1418 3960 1504 loci
4021 1415 4383 1512 ,Ordina-

1015 1539 1177 1623 rios
1206 1598 1230 1644 ,
1283 1569 1428 1625 seu
1481 1539 1681 1625 alios
1733 1539 2259 1653 Superiores,
2295 1566 2380 1630 et
2426 1540 2766 1630 Judices
2816 1541 3436 1628 Ecclaeiasticos
3466 1603 3496 1645 ,
3525 1562 3608 1626 et
3661 1538 4131 1625 Saeculares
4179 1571 4385 1657 qua·

1013 1657 1138 1743 vis
1187 1662 1669 1747 auctoritate
1718 1657 2181 1774 ·fungentes
2214 1727 2241 1771 ,
2306 1657 2771 1771 molestari,
2835 1661 3349 1777 perturbari,
3411 1659 3556 1748 vel
3631 1661 4072 1775 inquietari
4123 1660 4390 1752 nulla-

1014 1800 1255 1865 tenus
1338 1812 1594 1894 posse.
1665 1782 1965 1899 Sicque
2022 1788 2109 1869 in
2190 1779 2682 1899 praemissis
2737 1815 2886 1900 per
2950 1787 3523 1901 quoscumque
3600 1778 3995 1884 helices,
4062 1780 4385 1868 sublata

1011 1900 1179 2005 eis,
1247 1924 1332 1986 et
1380 1933 1663 1988 eorum
1722 1904 2063 1992 cuilibet
2111 1909 2399 2023 quavis
2465 1906 2698 1991 aliter
2747 1900 3230 2019 judicandi,
3297 1925 3386 1989 et
3439 1896 4036 2015 interpretandi
4124 1897 4386 1987 facul-

1007 2041 1176 2106 tate
1209 2084 1235 2128 ,
1302 2044 1386 2109 et
1432 2028 1965 2133 auctoritate,
2000 2025 2406 2142 judicari,
2475 2051 2557 2113 et
2592 2024 2919 2111 definiri
2974 2022 3344 2129 debere,
3417 2053 3512 2108 ac
3562 2023 3939 2127 irritum,
3990 2041 4076 2107 et
4125 2022 4372 2108 inane

1008 2142 1074 2228 si
1124 2169 1361 2228 secus
1442 2176 1689 2258 super
1749 2145 1874 2230 his
1925 2179 1966 2231 a
2020 2178 2441 2266 quoquam
2481 2211 2505 2254 ,
2571 2151 2861 2268 quavis
2936 2146 3424 2231 auctoritate
3483 2144 3889 2249 scienter,
3956 2139 4090 2228 vel
4151 2142 4381 2252 igno·

1009 2283 1284 2349 ranter
1346 2268 1780 2374 contigerit
1862 2274 2266 2354 attentari.
2335 2268 2525 2354 Non
2614 2261 3136 2353 obstantibus
3195 2264 3720 2379 praemissis,
3786 2292 3881 2347 ac
3945 2260 4379 2379 quibusvis

1006 2385 1828 2491 constitutionibus,
1893 2412 1976 2473 et
2023 2388 2717 2475 Ordinationibus
2767 2386 3313 2502 Apostolicis‚
3378 2406 3462 2470 et
3537 2404 3944 2498 quatenus
4006 2411 4214 2495 opus
4273 2384 4380 2467 sit

1002 2526 1277 2591 nostra
1329 2502 1435 2591 de
1497 2538 1665 2591 non
1720 2507 2273 2596 concedendis
2321 2506 2871 2620 Indulgentiis
2919 2504 3025 2594 ad
3085 2510 3393 2610 instar,
3457 2503 3777 2588 statutis
3810 2561 3836 2607 ‚
3902 2522 3986 2587 et
4034 2530 4378 2590 consue·

1004 2620 1439 2712 tudinibus
1465 2690 1497 2731 ,
1558 2632 2015 2745 ceterisque
2067 2633 2494 2717 contrariis
2546 2630 3242 2747 quibuscumque.
3294 2620 3874 2709 Praesentibus
3920 2615 4025 2704 ad
4074 2623 4376 2732 viginti

1003 2775 1262 2831 annos
1312 2778 1355 2831 a
1436 2745 1609 2838 fine
1685 2747 2033 2836 aliorum
2115 2753 2417 2863 viginti·
2462 2767 2924 2855 annorum,
2991 2746 3096 2833 ad
3149 2776 3356 2865 quos
3417 2742 3719 2828 similes
3766 2741 4070 2853 gratiae
4137 2774 4182 2825 a
4233 2738 4368 2828 fel.

1004 2894 1166 2949 rec.
1220 2865 1691 2952 Alexandro
1740 2869 1903 2954 ΡΡ.
1954 2871 2190 2955 VIII.
2257 2870 2879 2984 praedecessore
2962 2891 3240 2954 nostro
3318 2892 3751 2950 concessae
3829 2858 4176 2947 suerunt
4246 2864 4371 2948 in·

1006 2982 1427 3073 choandos
1459 3050 1490 3090 ,
1552 3008 1879 3072 tantum
1955 2990 2351 3077 valituris.
2415 2991 2824 3076 Volumus
2899 3012 3175 3075 autem
3251 3008 3348 3072 ut
3394 2990 3755 3102 ipsarum
3816 2983 4365 3096 praesentium

999 3104 1459 3193 litterarum
1512 3113 2043 3225 transumptis
2095 3174 2120 3218 ‚
2182 3141 2333 3198 seu
2381 3112 2771 3226 exemplis
2806 3173 2831 3217 ‚
2897 3112 3142 3196 etiam
3227 3105 3635 3222 impressis
3709 3132 3966 3188 manu
4016 3101 4369 3216 alicujus

997 3225 1317 3312 Notarii
1367 3227 1739 3344 publici,
1802 3234 1939 3318 vel
2016 3234 2446 3320 Secreta'rii
2498 3231 2764 3319 dictae
2844 3230 3269 3317 Societatis
3332 3225 3813 3337 subscriptis
3847 3285 3873 3329 ‚
3939 3242 4024 3308 et
4105 3223 4371 3331 sigillo

999 3345 1452 3464 Praepositi
1505 3348 1936 3438 Generalis
1987 3350 2355 3469 ejusdem
2411 3353 2836 3439 Societatis
2868 3414 2896 3457 ‚
2942 3347 3073 3441 vel
3122 3349 3455 3434 alterius
3501 3371 3900 3461 personae
3949 3342 4034 3425 in
4071 3340 4368 3428 Eccle-

996 3470 1310 3556 siastica
1364 3467 1761 3581 dignitate
1814 3478 2304 3560 constitutae
2367 3476 2708 3559 munitis
2740 3535 2764 3578 ‚
2831 3468 3116 3558 eadem
3169 3498 3503 3585 prorsus
3582 3457 3794 3548 fides
3851 3460 4370 3664 ubicumaezpe

998 3589 1371 3677 locorum
1421 3590 1868 3701 habeatur,
1906 3627 2118 3716 quae
2174 3594 2620 3682 haberetur
2665 3588 2976 3681 eisdem
3028 3588 3643 3708 praesentibus,
3707 3580 3776 3667 si
3825 3576 4097 3668 forent
4145 3611 4240 3669 ex
4307 3582 4369 3666 i-

996 3708 1274 3818 bitae,
1341 3712 1476 3799 vel
1540 3734 1932 3801 ostensae.
2431 3753 2434 3754 ⁷
4161 3771 4174 3782 ·
4387 3802 4393 3808 .

1111 3827 1429 3918 Datum
1483 3831 1792 3920 Romae
1841 3833 2063 3951 apud
2113 3835 2497 3922 Sanctam
2561 3833 2908 3919 Mariam
2969 3827 3376 3948 Maiorem
3457 3824 3615 3911 sub
3698 3821 4044 3911 Annulo
4094 3820 4363 3909 Pisca-

995 3939 1190 4037 toris
1251 3950 1388 4041 die
1441 3984 1577 4041 22.
1645 3955 2148 4071 Septembris
2200 3953 2773 4042 MDCCVIII.
2814 3952 3357 4042 Pontificatus
3404 3946 3987 4155 Nffffioffim?
4035 3966 4357 4078 octavo.

3544 4130 3564 4151 .
3755 4097 4088 4156 wer-tus.

1048 4448 1311 4533 Breve
1369 4451 1825 4539 Clementis
1891 4453 2051 4540 XI.
2100 4452 2204 4538 de
2259 4454 2625 4573 collegii
2687 4453 3208 4540 Missionum
3267 4443 3676 4531 erectione
3739 4442 3831 4521 in
3890 4447 4292 4519 conventu

2061 4575 2147 4663 S.
2212 4576 2568 4662 Mariae
2653 4573 2877 4662 delle
2938 4570 3279 4660 fornaci.
4027 4589 4034 4602 ·

1563 4810 2686 4934 CLEMENS
2832 4810 3468 4974 PAPA·
3579 4798 3923 4917 XL·

1952 5070 2106 5157 Ad
2140 5089 2635 5184 perpetuam
2680 5069 2812 5153 rei
2859 5067 3408 5156 menmium

1002 5291 1007 5298 ’
1111 5215 1616 5399 Ecclesiae
1668 5296 2117 5401 catholicae
2182 5311 2560 5427 regimini
2608 5369 2634 5422 ‚
2683 5307 2996 5400 meritis
3043 5310 3243 5398 licet
3300 5298 3754 5423 imparibus
3805 5360 3829 5406 ‚
3895 5295 4175 5382 divina
4228 5289 4352 5420 dis

982 5432 1425 5541 spositione
1475 5433 2031 5551 praesidentes
2080 5499 2105 5543 ‚
2173 5424 2280 5523 ad
2342 5468 2437 5524 ea
2489 5495 2514 5544 ,
2596 5461 2742 5553 per
2800 5451 3016 5555 quae
3063 5429 3438 5543 Collegia
3467 5492 3497 5535 ,
3568 5446 3653 5512 et
3703 5423 3854 5510 alia
3910 5414 4345 5554 Regularia

979 5550 1158 5642 loca
1189 5615 1213 5659 ‚
1277 5549 1381 5637 ad
1435 5555 1896 5668 religionis,
1972 5582 2059 5646 et
2109 5547 2375 5646 divini
2427 5556 2700 5645 cultus
2753 5555 3364 5646 incrementum
3417 5614 3448 5656 ,
3512 5537 3923 5662 Fideique
3964 5532 4348 5680 ‘cathon-

981 5705 1122 5764 cae
1187 5683 1971 5785 conservationem,'
2007 5682 2813 5798 etpropagationem
2865 5668 3186 5796 ubique
3219 5739 3244 5783 ‚
3300 5707 3396 5763 ac
3444 5666 3924 5789 praesertim
3960 5655 4344 5744 1n-Alma
