4834 6409
420 653 974 773 Congregatio
1025 651 1452 772 Generalis
1526 655 1998 748 absolvatur
2036 723 2060 769 ‚
2150 685 2355 750 tunc
2402 659 3052 748 'Entllronismus
3103 663 3282 773 ejus
3354 654 3627 747 modo*
3665 571 3817 751 su?

417 775 794 892 pradicto
859 771 1038 861 fiat.
1106 774 1385 862 XVII.
1435 776 1748 896 Neque
1824 781 2134 868 Abbati
2213 783 2601 893 Generali
2650 846 2679 885 ‚
2756 812 3029 901 neque
3097 779 3609 892 Hegumenis
3687 781 3807 869 fas

419 918 547 984 est
600 898 1084 1003 electionem
1138 928 1370 987 suam
1425 930 1849 1007 recusare,
1908 926 2050 988 aut
2114 891 2517 991 Officiuni
2581 900 2986 989 abdicare.
3045 902 3130 987 Si
3180 928 3377 988 vero
3442 904 3806 1014 contige·

401 1018 529 1111 ‚rit
577 1046 714 1103 eos
764 1018 860 1102 ex
910 1018 1270 1128 legitima
1336 1032 1572 1105 causa
1637 1021 1743 1105 ab
1809 1018 2090 1107 Officii
2158 1029 2636 1112 executione
2700 1022 3129 1141 impediri,
3195 1022 3280 1105 in
3336 1021 3807 1134 Congregass

421 1138 645 1223 tione
707 1137 1388 1248 Hegumenorum
1439 1163 1707 1253 potest
1754 1142 2129 1227 Vicarius
2182 1152 2357 1261 ejus
2408 1144 2790 1255 substitui
2831 1180 2854 1250 5
2915 1168 3009 1229 ut
3066 1141 3389 1227 *dictum
3433 1166 3566 1254 est
3614 1141 3799 1227 Par.

419 1256 501 1340 3.
570 1255 768 1371 Cap.
827 1263 906 1365 4.
973 1257 1297 1342 XVIII.
1369 1260 1772 1347 Absoluta
1830 1261 2177 1348 Abbatis
2248 1266 2675 1352 Generalis
2727 1267 3184 1367 electione,
3252 1266 3649 1347 continuo
3697 1261 3803 1347 ad

419 1377 907 1462 electionem
990 1401 1345 1494 quatuor
1420 1378 2100 1493 Hegumenorum
2172 1389 2393 1499 juxta
2473 1383 2986 1499 praedictum
3075 1378 3451 1468 ordinem
3514 1413 3802 1498 proce·

418 1492 678 1602 dent,
744 1497 1057 1582 etiamsi
1124 1501 1433 1584 electus
1498 1496 2601 1590 Generalis‘absens-suerit.
2671 1505 3039 1590 Primum
3119 1504 3657 1612 Hegumenus
3713 1505 3801 1588 in

416 1617 804 1699 manibus
857 1615 1206 1701 Abbatis
1257 1617 1709 1724 Gen·er·ali5‚
1784 1622 1910 1704 vel
1962 1623 2069 1707 ab
2132 1654 2228 1708 eo
2281 1626 2617 1740 absente
2681 1628 2761 1708 in
2816 1626 3199 1710 manibus
3250 1621 3640 1732 dignioris
3703 1628 3799 1708 'ex

417 1735 919 1839 Vocalibus‚
990 1739 1343 1845 resignat
1410 1740 1789 1847 Sigillum
1825 1803 1846 1845 ‚
1914 1765 1995 1826 et
2045 1739 2474 1846 Officium,
2529 1770 2622 1830 ut
2672 1778 2934 1860 supra.
2992 1748 3184 1831 Mox
3248 1740 3628 1852 suffragia
3681 1742 3796 1828 fe·

416 1876 770 1938 runtur:
844 1878 928 1939 et
976 1859 1039 1939 si
1094 1854 1264 1940 duo
1291 1920 1321 1960 ,
1385 1850 1517 1943 'vel
1573 1882 1729 1945 tres
1781 1861 2013 1972 plura
2067 1861 2450 1977 suffragia
2513 1866 2817 1953 habere
2880 1870 3404 1983 reperiuntur
3452 1925 3476 1969 ,
3542 1867 3648 1946 ita
3702 1872 3799 1948 ut

415 1996 790 2089 quartam
843 1975 1125 2059 saltem
1200 2002 1514 2090 partem
1577 1973 1873 2088 singuli
1932 1981 2420 2091 obtineant,
2494 1987 2773 2070 Abbas
2826 1986 3251 2096 Generalis
3304 2013 3584 2069 recens
3636 1982 3798 2093 ele-

418 2114 651 2197 ctus‚
717 2095 849 2178 vel
902 2095 1389 2181 eo·absente
1439 2097 1762 2205 dignior
1812 2131 1905 2199 ex
1972 2101 2422 2189 Vocalibus
2476 2108 2885 2217 (exclusis
2939 2112 3032 2192 iis
3067 2171 3090 2214 ,
3158 2108 3302 2222 qui
3367 2105 3796 2187 nominan-

419 2218 621 2322 tur)
700 2211 921 2297 dicat
983 2212 1088 2297 ad
1166 2238 1494 2300 coetum
1570 2216 2225 2306 Monachorum.
2294 2226 2465 2308 RB.
2534 2228 2715 2310 PP.
2793 2227 3005 2323 NN.,
3070 2245 3150 2310 et
3209 2222 3423 2310 NN.
3488 2223 3796 2304 Izaben't

404 2329 662 2441 plura
712 2331 1137 2450 szffagzja
1186 2397 1209 2439 ‚
1278 2367 1542 2453 quarn
1609 2335 1946 2453 reliqui.
2016 2340 2163 2425 Ex
2241 2343 2368 2427 his
2432 2350 2697 2461 igitur
2746 2351 3088 2462 potestis
3165 2345 3470 2462 eligere
3533 2350 3795 2424 unuin

414 2454 507 2531 in
563 2453 1190 2568 Hegumenum.
1258 2455 1536 2540 Finito
1600 2463 1994 2567 scrutinio
2058 2465 2370 2549 electus
2442 2466 2980 2574 Hegumenus
3053 2458 3623 2583 promulgatur
3688 2461 3793 2545 ab

414 2568 748 2654 Abbate
803 2567 1217 2679 Generali‚
1270 2600 1411 2659 aut
1461 2606 1559 2660 eo
1616 2576 1945 2665 absente
1998 2613 2042 2666 a
2107 2579 2460 2693 digniori
2512 2617 2607 2672 ex
2658 2589 3134 2693 Vocalibus3
3202 2589 3285 2671 in
3338 2584 3544 2669 haec
3594 2610 3805 2671 ver--

411 2687 570 2773 ba.
611 2689 1071 2807 Reverendt‘
1118 2694 1417 2777 Patres
1451 2759 1473 2800 ‚
1510 2694 1752 2807 fhcta
1799 2699 2405 2818 suffiagiornm
2474 2706 2918 2792 collatione
2980 2712 3444 2792 invenimus
3522 2705 3790 2815 majo-

411 2834 592 2890 rem
660 2827 992 2920 partem
1064 2808 1756 2929 Congregationis
1819 2837 2149 2904 nostrae
2198 2831 2632 2908 convenire
2709 2835 2797 2911 in
2874 2828 3270 2912 electione
3312 2819 3793 2913 Reverendi

412 2928 701 3008 Patris
732 2925 847 3013 N.
901 2927 1099 3011 Ideo
1150 2938 1483 3016 nomine
1531 2940 1783 3018 totius
1827 2939 2520 3059 Congregationis
2571 2967 2899 3032 nostrae
2946 2968 3025 3032 et
3065 2962 3471 3062 potestate
3505 2970 3559 3023 a
3615 2941 3714 3027 V
3703 2970 3789 3022 o-

409 3046 534 3127 his
586 3044 803 3147 milti
848 3079 1233 3133 concessa
1272 3059 1737 3165 pronuncio
1765 3119 1795 3160 ,
1843 3076 1922 3140 et
1973 3059 2303 3145 declaro
2384 3066 3185 3154 Reverendissimum
3234 3066 3586 3150 'Patrem
3657 3058 3779 3144 N.

409 3162 766 3245 electum
801 3165 1140 3281 fuisse,
1204 3188 1285 3253 et
1346 3204 1517 3256 esse
1568 3178 2184 3292 Hegumenum.
2236 3181 2530 3267 Addat
2582 3192 2673 3270 in
2703 3190 2934 3304 fine,
3000 3192 3424 3302 primum,
3496 3210 3787 3264 secun-

410 3280 613 3365 dum
662 3345 685 3387 ‚
751 3290 1086 3372 tertium
1141 3352 1165 3394 ,
1229 3291 1363 3376 vel
1415 3319 1803 3408 quartum
1836 3357 1861 3399 ‚
1913 3304 2148 3412 =juxta
2217 3298 2874 3426 uniuscujusque
2953 3300 3424 3420 Hegumevni
3479 3302 3778 3384 locum·

411 3400 951 3511 Hegumenus
1003 3410 1313 3494 electus
1367 3413 1673 3498 Abbati
1726 3415 2112 3505 Generali
2165 3424 2665 3533 genuflectat
2716 3493 2737 3535 ,
2807 3437 3150 3550 ejusque
3216 3453 3511 3512 manus
3588 3416 3783 3504 deo·

407 3524 768 3609 sculatus
813 3590 845 3630 ,
908 3526 1011 3612 ad
1063 3528 1475 3615 dexteram
1548 3537 1799 3647 ipsius
1837 3599 1860 3642 ‚
1917 3540 2053 3625 vel
2115 3546 2522 3628 sinistram
2572 3551 2798 3661 juxta
2863 3549 3235 3637 ordinem
3317 3571 3560 3630 suum
3625 3562 3781 3624 sta-

406 3639 554 3723 bit.
625 3644 908 3731 Abbas
957 3678 1156 3734 vero
1230 3650 1655 3738 Generalis
1708 3656 1945 3741 illum
1998 3658 2101 3744 ad
2171 3665 2548 3749 osculum
2602 3666 2983 3755 admittet
3017 3734 3040 3778 ,
3094 3673 3341 3784 eique
3392 3660 3777 3771 Sigillum

406 3758 1032 3852 Officiitradet.
1077 3769 1294 3855 Tum
1348 3771 1674 3859 Fratres
1721 3779 1943 3887 juxta
1984 3778 2354 3867 ordinem
2411 3816 2650 3870 suum
2686 3853 2708 3894 ‚
2764 3787 2970 3875 facta
3027 3793 3254 3905 prius
3304 3784 3596 3886 Altari‚
3637 3779 3780 3865 de-

403 3877 600 3966 inde
655 3885 961 3972 Abbati
1017 3888 1400 3976 Generali
1439 3956 1463 3999 ‚
1531 3916 1617 3980 et·
1662 3894 2170 4008 Hegumenis
2231 3928 2467 3990 antea
2519 3908 2849 4016 electiS,
2917 3933 3060 3994 aut
3141 3904 3416 3992 officio
3472 3898 3777 3986 confir·
3828 3930 3835 3935 ·

405 4003 644 4081 matis
700 4014 1194 4116 reverentia,
1271 4043 1541 4097 coram
1618 4013 2111 4129 Hegumeno
2183 4053 2464 4109 recens
2541 4027 2803 4127 electo
2865 4030 3538 4140 genuflectente5‚
3602 4051 3773 4104 ma·-

403 4147 604 4201 num
676 4125 854 4234 ejus
924 4128 1422 4214 osculantur.
1492 4135 1961 4245 Hegumeni
2026 4171 2226 4227 vero
2296 4138 2601 4248 antea',
2668 4172 2758 4232 ut
2808 4184 3048 4262 supra
3086 4214 3116 4254 ,
3168 4147 3471 4248 electi,
3526 4143 3771 4225 colle·

406 4258 588 4344 gam
638 4268 882 4324 suum
953 4270 1137 4356 post
1205 4250 1417 4360 ipsos
1479 4254 1834 4345 electum
1904 4257 2005 4342 ad
2073 4265 2295 4374 pacis
2366 4267 2744 4352 osculum
2810 4268 3286 4355 admittunt.
3353 4263 3437 4347 Si
3491 4260 3774 4371 Hegu-

400 4385 692 4496 menus
746 4361 1137 4461 Sacerdos
1190 4399 1353 4452 non
1409 4369 1657 4457 fuerit
1691 4436 1716 4478 ,
1770 4376 1946 4460 sola'
2012 4386 2232 4491 pacis
2311 4392 2882 4498 apprecatione
2931 4454 2963 4495 ,
3034 4390 3324 4474 omissa
3404 4382 3775 4494 genufle-

407 4505 705 4583 xione,
771 4479 1332 4595 honorabitur.
1400 4491 1642 4575 XIX.
1713 4494 1976 4582 Penes
2062 4498 2803 4615 Congregationem
2864 4508 3355 4596 Generalem·
3425 4525 3549 4588 est
3598 4504 3773 4584 Ab·

396 4591 500 4681 ba
533 4599 1808 4725 tem-Generalem‘confirmare
1843 4679 1873 4719 ,
1933 4619 2065 4704 vel
2119 4652 2425 4709 novum
2496 4628 2819 4738 eligere.
2884 4630 3568 4741 Hegumenorum
3635 4627 3773 4736 Pa³

397 4718 474 4798 ri
501 4740 622 4803 ter
678 4744 1160 4834 potestatem
1214 4759 1642 4843 prorogare
1677 4796 1702 4838 ‚
1769 4761 1911 4822 aut
1957 4739 2344 4852 abrogare
2382 4807 2405 4850 ,
2470 4748 2640 4831 sive
2677 4750 3075 4865 quosdam
3129 4743 3647 4848 confirmare,
3688 4766 3772 4829 et

404 4836 609 4976 alios
660 4837 766 4924 de
830 4874 1044 4930 novo
1095 4848 1426 4957 eligere:
1500 4886 1690 4942 nam
1740 4878 2025 4945 omnes
2075 4862 2361 4968 simul,
2415 4865 2876 4986 eodemque
2949 4853 3315 4985 tempore
3378 4886 3698 4951 mutare
3740 4927 3765 4969 ‚

404 4984 682 5039 minus
746 4961 1127 5103 expedire
1173 4967 1538 5055 videtur:
1594 4998 1688 5060 ut
1739 4980 2130 5097 nimirum
2192 5014 2452 5069 novus
2507 4986 3040 5098 Hegurnenus
3093 5024 3133 5074 a
3190 5009 3579 5075 veterano
3634 5016 3765 5067 ru·

396 5071 761 5161 dimenta
816 5110 1006 5222 nov-1
1063 5084 1318 5227 ossi-cn
1376 5095 1661 5233 capiat.
1731 5096 1815 5179 S1
1868 5128 2065 5184 vero
2114 5123 2442 5189 attentis
2507 5134 3139 5195 circumstantiis
3177 5172 3200 5215 ,
3256 5136 3490 5192 secus
3526 5133 3770 5215 agen·
3851 5144 3867 5159 ·

396 5458 562 5519 tam
631 5438 1074 5527 Generalis.
1111 5446 1466 5535 Abbatis
1493 5514 1523 5554 ,
1573 5485 1825 5571 quam
1885 5458 2565 5569 Hegumenorum
2618 5469 3105 5555 election'em
3179 5473 3262 5554 in
3316 5491 3495 5553 acta
3566 5465 3769 5552 refe-

402 5580 586 5661 rat,
649 5588 861 5678 quae
906 5562 1647 5677 subscriptionibus
1695 5580 2070 5662 omnium
2137 5582 2573 5670 Vocalium
2626 5585 2941 5675 firmata
2974 5653 2998 5695 ‚
3064 5594 3146 5675 in
3202 5586 3599 5674 Archivio
3649 5618 3809 5672 as·-

397 5678 1116 5787 servetur.,XX1.
1194 5684 1597 5780 Absoluta
1675 5720 2031 5814 quatuor
2106 5698 3257 5818 Hegumenor‘umoelectione
3307 5772 3333 5819 ,
3406 5704 3767 5809 Divinae

654 5799 1015 5887 TomJJ.
2701 5833 2779 5917 A
2800 5864 2840 5917 a
2863 5864 2905 5918 a
