4834 6409
419 612 646 733 apud·
687 641 978 709 omnes
1031 621 1204 694 non'
1249 610 1520 697 solum
1581 606 2176 718 conservande,
2238 607 2382 701 sed
2434 551 2822 697 omnibus
2882 617 3131 701 etiam
3171 675 3196 720 ,
3248 615 3553 733 quibus
3607 498 3782 732 {³ng

416 758 762 836 terunt,
827 727 1094 817 modis
1163 727 1566 842 augendo.
1637 730 1803 844 Ipsi
1855 759 2050 818 vero
2118 735 2333 818 inter
2380 762 2467 817 se
2518 733 2604 819 in
2688 740 3111 823 sententiis
3161 732 3522 822 ferendis
3582 766 3779 823 con·
3868 814 3874 819 .

414 858 797 957 sentiant,
849 851 1217 967 alterque
1267 852 1618 936 alterum
1678 849 1991 937 honore
2038 854 2595 966 praeveniant.
2650 851 2737 935 Si
2778 878 3066 941 autem
3132 856 3567 966 contigerit
3627 857 3779 942 ali·

417 1002 670 1091 quem
720 1002 1005 1058 eorum
1053 974 1142 1053 in
1192 968 1848 1083 Gougregatione
1897 974 2328 1082 singularis
2389 1002 2572 1057 esse·
2612 978 3064 1061 sen-tentiae
3093 1039 3118 1082 ,
3175 1003 3448 1061 nemo-
3479 976 3588 1061 ab
3637 975 3783 1060 illo

419 1094 677 1178 ullam
744 1093 1249 1181 aversionem
1334 1088 1694 1193 habeat,
1758 1089 1890 1175 vel
1941 1090 2339 1177 ostendat.
2410 1091 2937 1199 Quae-vero·
2986 1097 3070 1179 in
3126 1092 3783 1205 congregatione

427 1214 835 1327 proposita
887 1272 912 1317 ,
975 1207 1384 1295 aut'dicta
1436 1232 1630 1294 sunt
1666 1272 1690 1316 ,
1757 1238 2000 1294 nemo
2059 1213 2389 1296 illorum
2456 1211 2788 1316 revelet,
2843 1235 2982 1296 aut
3032 1214 3206 1299 aliis
3256 1212 3567 1301 indicet
3627 1213 3789 1299 suh

419 1327 880 1445 poenaad¹
927 1329 1258 1415 libitum
1319 1327 2004 1440 Congregationis
2081 1331 2780 1443 Hegumenorum.
2852 1331 3093 1435 Quae
3160 1332 3499 1420 demum
3576 1330 3778 1420 defi-

421 1455 809 1555 nientur,
861 1479 1150 1560 ea;··per
1207 1448 1748 1534 secretarium
1802 1446 2257 1563 descripta,
2295 1452 2744 1566 sigillisque
2794 1451 3145 1536 Abbatis
3196 1453 3649 1560 Generalis,
3703 1475 3787 1540 et

421 1573 1084 1683 uniuscujusque
1143 1565 2393 1686 Hegumenorum',.man·usque
2467 1600 2759 1654 eorum
2836 1571 3437 1686 subscriptione
3512 1569 3827 1659 firma--

411 1713 507 1775 .ta
540 1751 566 1794 ,
619 1718 811 1773 cum
863 1716 1070 1799 opus
1118 1715 1287 1771 esse
1337 1682 1941 1800 judicaverint,
2005 1689 2774 1802 promulgabantur.
2826 1689 3268 1804 Exemplar
3324 1712 3597 1777 autem
3650 1723 3786 1778 eo·
3871 1778 3875 1783 .

427 1809 618 1894 dem
672 1803 922 1891 modo
969 1802 1418 1909 firmatum,
1468 1829 1552 1890 et
1597 1806 2182 1921 subscriptum,
2244 1811 2328 1892 in
2399 1806 2798 1894 Archivio
2875 1807 3219 1895 Ordinis
3268 1810 3829 1898 conservabi-·

422 1953 585 2014 tur.
644 1927 784 2011 IV.
855 1922 1294 2009 ordinaria
1347 1925 2026 2035 Hegumenorum
2101 1925 2538 2013 residentia
2573 1990 2603 2030 ,
2666 1927 3371 2048 quandocumque
3417 1927 3592 2017 fieri
3645 1961 3797 2044 pn<

428 2069 638 2152 test,
690 2077 858 2129 una
889 2074 1117 2129 ”cum
1156 2043 1482 2129 Abbate
1532 2043 1922 2141 Generali
1964 2050 2120 2134 erit
2164 2052 2250 2135 in
2301 2046 2801 2133 Monasterio
2852 2079 2997 2161 per
3045 2049 3786 2161 Congregationem
3826 2114 3833 2123 -

428 2167 898 2279 generalem
949 2161 1464 2276 deputande,
1517 2198 1562 2248 a
1613 2196 1781 2281 quo
1849 2168 2320 2253 inconsulta
2385 2165 3045 2278 Congregatione
3108 2171 3785 2281 Hegumenorum

425 2316 673 2372 nemo
740 2284 1071 2367 illorum
1151 2287 1453 2394 poterit
1533 2284 1814 2371 abesse
1861 2347 1887 2389 ,
1954 2317 2227 2403 neque
2294 2284 2802 2371 ordinarium
2866 2286 3230 2403 alicujus
3300 2287 3787 2374 Monasterii

429 2408 792 2515 regimen
864 2431 1284 2486 exercere.
1370 2399 1626 2510 Quod
1689 2406 1756 2487 si
1833 2408 2267 2518 contigerit
2346 2410 2818 2520 quempiam
2906 2437 3193 2493 eorum
3270 2437 3365 2492 ex
3429 2408 3786 2516 legitima

431 2555 668 2609 causa
721 2525 803 2605 in
862 2517 1148 2604 eadem
1201 2520 1878 2631 Hegumenorum
1917 2523 2590 2636 'congregatione
2659 2522 3081 2637 probanda
3149 2524 3255 2613 ad
3303 2524 3788 2614 Monasterii

433 2646 794 2754 regimen
847 2703 871 2745 ,
937 2644 1108 2727 sive
1194 2644 1660 2726 visitatione
1739 2640 2177 2756 deputari,
2243 2648 2325 2726 in
2401 2674 2572 2761 quo
2624 2640 2931 2728 Officio
2998 2647 3207 2731 ultra
3273 2676 3411 2731 sex
3468 2675 3790 2761 menses

433 2764 735 2847 versari
786 2757 1112 2862 debeat,
1167 2781 1371 2842 tunc
1421 2759 1797 2846 Vicarius
1846 2766 1921 2847 ei
1972 2763 2078 2848 ab
2128 2760 2416 2848 eadem
2471 2761 3152 2870 Hegumenorum
3191 2765 3790 2874 Congregatio-

436 2912 541 2965 ne
595 2874 1220 2963 substituendus
1281 2880 1437 2963 erit
1471 2940 1496 2982 ,
1563 2883 1709 2995 qui
1761 2882 1978 2967 vices
2028 2885 2331 2995 ipsiuS,
2395 2904 2479 2966 et
2531 2885 3099 2968 auctoritatem
3165 2903 3410 2994 gerat.
3465 2883 3593 2968 Ut
3639 2884 3790 2991 sci-

437 2999 635 3082 licet
709 3025 1101 3080 numerus
1173 3019 1529 3112 quatuor
1602 2997 2283 3112 Hegumenorum
2355 3002 2713 3089 Abbati·
2770 3000 3160 3089 Generali
3245 3003 3789 3088 assistentium

445 3145 876 3233 nunquam
924 3115 1372 3200 minuatur.

1827 3238 1899 3322 C
1962 3240 2037 3324 A
2103 3238 2200 3325 P.
2310 3239 2410 3327 V.

1555 3477 1699 3566 De.
1763 3476 2085 3562 Abbate
2134 3420 2657 3566 Provinciae.

564 3715 624 3799 1.
690 3713 978 3802 Abbas
1029 3716 1516 3804 Provinciae
1564 3718 1650 3800 in
1692 3718 2350 3832 congregatione
2397 3718 3076 3831 Hegumenorum
3110 3720 3438 3832 eligitur
3473 3723 3578 3808 ab
3614 3726 3797 3810 Ah-.

441 3833 635 3920 bate
685 3832 1103 3944 Generali,
1159 3862 1241 3925 et
1291 3872 1332 3923 a
1373 3857 1740 3956 quatuor
1787 3838 2296 3950 Hegumenis
2330 3900 2355 3945 ,
2409 3844 2649 3955 cujus
2697 3843 3134 3928 auctoritas
3183 3845 3553 3928 terminis
3601 3876 3795 3931 suae

438 3953 926 4043 Provinciae
975 3956 1456 4052 includitur.
1511 3957 1995 4046 Provinciae
2044 3982 2347 4065 autem,
2386 3990 2838 4080 earumque
2884 3959 3316 4046 Abbatum
3356 3960 3792 4050 residentia

432 4073 519 4153 in
571 4068 1229 4182 Congregatione
1278 4078 1665 4171 ‚Generali
1718 4075 2274 4190 designentur.
2337 4079 2779 4193 Ejusmodi
2849 4076 3522 4190 Congregationis
3581 4083 3797 4168 arbi-r

435 4190 596 4271 trio
665 4192 838 4274 erit
881 4189 1359 4302 hujusmodi
1413 4194 1778 4283 Abbates
1829 4201 2295 4301 instituere,
2343 4198 2492 4283 ubi
2550 4201 2976 4287 necessarii
3018 4206 3234 4282 sunt
3265 4262 3294 4302 ‚
3350 4200 3488 4288 vel
3549 4198 3792 4286 desti-

434 4330 692 4412 tuere,
765 4308 904 4392 ubi
961 4311 1833 4427 illos-supervacaneos
1893 4348 2064 4403 esse
2112 4316 2623 4435 judicaverit.
2678 4319 2790 4403 ΙΙ.
2844 4318 3205 4428 Singulis
3255 4322 3491 4403 annis
3540 4318 3790 4407 debet

436 4424 934 4514 Monasteria
987 4429 1471 4519 Provinciae
1518 4460 1712 4519 suae
1769 4437 2093 4522 visitare
2144 4468 2288 4552 per
2333 4438 2720 4552 seipsum,
2783 4437 2920 4523 vel
2968 4439 3033 4520 si
3097 4436 3787 4552 impedimentum

433 4545 894 4658 legitimum
958 4555 1463 4658 occurrerit,
1529 4583 1673 4664 per
1709 4554 2187 4660 vicarium,
2239 4579 2334 4642 ut
2395 4588 2637 4671 supra
2687 4556 2795 4644 de
2850 4555 3179 4643 Abbate
3228 4556 3615 4646 Generali
3666 4558 3839 4661 di„

434 4689 662 4751 ctum
723 4674 908 4753 est:
974 4692 1057 4754 et
1123 4673 1602 4757 visitationis
1652 4669 1975 4759 decreta
2051 4677 2317 4787 sigillo
2391 4708 2595 4782 suo,
2663 4706 3122 4794 manusque
3193 4677 3794 4795 subscriptione

433 4783 748 4871 firmata
799 4784 906 4872 ad
958 4787 1372 4877 Abbatem
1427 4791 1919 4878 Generalem
1973 4798 2540 4883 transmittere.
2599 4798 2751 4881 111.
2804 4795 2941 4879 Bis
2990 4795 3373 4914 quolibet
3417 4830 3639 4885 anno
3687 4796 3791 4884 ad

434 4904 792 4991 eundem
847 4906 1262 4995 Abbatem
1326 4910 1819 4998 Generalem
1865 4913 2170 5000 scribat
2215 4911 2322 5000 de
2367 4938 2585 5003 statu
2634 4916 3317 5002 Monasteriorum
3368 4948 3562 5005 suae
3599 4918 3796 5003 Pso·.

435 5026 819 5129 vinciae,
889 5022 1162 5141 deque
1241 5060 1647 5137 numero,
1713 5044 1797 5117 et
1865 5033 2255 5150 qualitate
2317 5033 2952 5122 Monachoru'm.
3033 5035 3176 5121 IV.
3258 5034 3449 5121 Non
3526 5060 3800 5152 potest

437 5171 612 5229 esse
676 5144 961 5229 Abbas
1027 5143 1488 5234 ordinarius
1572 5152 1821 5236 ullius
1884 5153 2418 5263 Monasterii3
2493 5186 2765 5272 neque
2831 5152 3087 5242 debet
3148 5156 3519 5264 ingerere
3574 5187 3660 5243 se
3708 5159 3794 5241 in

440 5264 837 5373 regimine
889 5263 1365 5352 immediato
1433 5271 1654 5354 illius
1706 5271 2180 5358 Monasterii
2205 5338 2236 5379 ,
2279 5274 2432 5359 ubi
2488 5272 2839 5361 residet:
2907 5271 3051 5359 sed
3104 5274 3342 5359 illum
3380 5275 3797 5380 liberum,

442 5408 524 5468 et
574 5382 1065 5469 absolutum·
1099 5390 1424 5499 proprio
1472 5388 1785 5476 Abbati
1828 5391 2317 5510 relinquere,
2367 5396 2515 5512 qui
2567 5417 2835 5481 tamen
2890 5397 2974 5478 in
3011 5395 3407 5480 omnibus
3434 5397 3798 5509 primum

446 5503 720 5588 locum
770 5502 1083 5592 Abbati
1147 5504 1633 5595 Provinciae
1681 5506 2058 5615 deferat,
2124 5510 2499 5631 nihilque
2546 5517 2820 5625 magni
2892 5517 3289 5599 momenti
3353 5544 3452 5600 eo
3514 5518 3800 5601 incon-

439 5623 656 5710 sulto
705 5626 1117 5739 suscipiat,
1170 5649 1252 5711 et
1297 5630 1831 5746 praecipienti
1881 5653 2183 5747 pareat.
2249 5632 2351 5721 V.
2397 5633 2696 5751 ‘Potest
2740 5631 3197 5737 Monaehos
3244 5632 3571 5722 denno
3620 5634 3802 5727 Mn*

2606 5751 2694 5836 X
2739 5785 2787 5838 x
2850 5785 2900 5838 2
