4834 6409
1090 441 1253 529 308

703 570 1032 678 quibusvis
1085 564 1860 684 quantumcumque
1910 570 2349 680 gravibus,
2386 592 2469 658 et
2518 568 2996 663 enormibus
3031 630 3055 674 ,
3093 572 3340 658 etiam
3395 570 3503 656 in·
3530 569 3854 656 casibus
3890 571 3973 657 in
4015 570 4269 659 literis
4318 569 4459 659 die

702 664 1062 730 ⁰¹0⁰⁸⁸¹¹³⁰⁸
1092 684 1438 768 Coenae-
1468 686 1808 773 Domini
1863 691 2055 802 ‘legi
2124 693 2381 776 solitis
2417 754 2442 793 ,
2510 694 2917 779 contentis
2950 750 2977 796 ,
3045 687 3755 809 (conspirationis
3812 694 3901 776 in
3959 723 4389 805 personam
4424 755 4448 800 ,

595 810 605 822 .
700 757 888 820 etiam
937 779 1036 822 re-

700 849 959 914 servatis
1002 853 1064 915 in
1097 807 1222 888 vel
1302 808 1624 892 Statum
1711 809 2058 897 Romani
2131 810 2553 897 Pontificis
2591 876 2613 916 ,
2703 810 3070 895 falsitatis
3131 817 3731 926 scripturarum,
3770 835 3943 915 „et
4032 815 4455 901 literarum

657 920 884 1004 'Bulla
933 925 1403 1050 cof-Aposh,
1445 925 1876 1014 delationis
1924 964 2336 1018 armorum
2376 997 2398 1038 ,
2454 934 2585 1021 vel
2635 932 2981 1023 aliorum
3034 931 3639 1046 prohibitorum
3678 931 3795 1017 ad
3851 956 4114 1044 partes
4167 932 4456 1019 infide-

703 1051 821 1136 ’ΨΘ
851 1033 1340 1191 D⁰h¹¹f¹¹·lium,
1391 1051 1858 1162 injectionis
1907 1085 2310 1139 manuum
2359 1055 2908 1166 violentarum
2964 1054 3045 1136 in
3102 1053 3514 1139 Praelatos
3564 1050 3995 1138 dumtaxat
4040 1054 4458 1171 exceptis)

697 1138 911 1203 ”¹²⁰²
985 1150 1059 1193 '⁰'
1088 1167 1570 1276 absolvere,
1659 1205 1751 1256 ac
1801 1204 1951 1284 pro
2015 1176 2462 1259 commissis
2542 1173 3129 1285 poenitentiam
3188 1175 3624 1261 salutarem
3694 1178 4189 1287 injungere,
4277 1206 4447 1261 eos·

1086 1286 1446 1409 demque
1495 1323 1738 1406 super
1789 1295 2381 1405 irregularitate
2435 1295 2538 1379 ab
2592 1298 2705 1379 eis
2756 1293 3384 1409 quomodolibet.
3433 1317 3846 1380 contracta
3885 1357 3909 1400 ,
3960 1292 4455 1412 (homicidii

1082 1411 1580 1517 voluntarii,
1644 1413 2047 1523 bigamiae
2083 1478 2106 1521 ,
2161 1437 2254 1501 et·
2289 1413 2643 1500 haeresis
2695 1414 3017 1498 casibus
3068 1412 3492 1500 dumtaxat
3540 1417 3949 1530 exceptis)
3983 1413 4453 1530 dispensare

1087 1528 1342 1619 libere
1377 1596 1401 1639 ,
1469 1555 1549 1617 et
1605 1533 1825 1620 licite
1877 1537 2139 1622 valeat
2175 1599 2199 1642 ,
2272 1536 2612 1620 liberam
2668 1533 3108 1617 tribuimus
3160 1532 3655 1625 facultatem.
4278 1556 4283 1561 '
4372 1556 4399 1561 ‘

723 1642 1059 1711 ⁰¹⁸¹¹⁸¹³¹²0
1203 1661 1273 1757 §-
1351 1652 1478 1739 18.
1548 1653 2113 1744 Decernentes
2165 1654 2574 1771 praedicta
2632 1657 2903 1742 omnia
2969 1678 3367 1768 perpetuo
3450 1656 3884 1741 subsistere
3922 1718 3945 1761 ,
4011 1659 4298 1774 sicque
4359 1661 4444 1743 in

689 1756 1248 1893 {zzzfferva‘illis
1308 1778 1706 1862 universis
1743 1838 1766 1881 ,
1823 1801 1905 1861 et
1954 1779 2310 1891 singulis·
2345 1809 2487 1892 per
2550 1805 3122 1892 quoscumque
3171 1774 3508 1861 Judices
3575 1775 4059 1863 Ordinarios
4095 1840 4123 1884 ,
4179 1801 4262 1862 et
4312 1775 4456 1864 de*

1083 1888 1388 2005 legatos
1447 1958 1470 2000 ,
1575 1898 2325 1987 etiam·causarum
2409 1899 2698 1983 Palatii
2775 1896 3219 2007 Apostolici
3295 1893 3798 2003 Auditores,
3869 1930 3962 1985 ac
4030 1899 4112 1983 S.
4170 1898 4263 1981 R.
4333 1898 4433 1999 E,

1061 2013 1560 2100 Cardinales
1611 2018 1691 2100 in
1747 2021 2035 2135 quavis
2096 2052 2394 2124 causa,
2460 2042 2544 2104 et
2627 2020 3064 2120 instantia,
3149 2016 3466 2101 sublata
3531 2019 3644 2102 eis
3682 2079 3706 2122 ,
3760 2043 3843 2105 et
3890 2050 4182 2104 eorum
4263 2022 4449 2109 cuiae

1063 2136 1277 2220 libet
1315 2202 1343 2239 ,
1416 2141 1704 2254 quavis
1784 2139 2016 2223 aliter
2085 2135 2566 2252 judicandi,
2634 2160 2718 2224 et
2780 2132 3372 2249 interpretandi
3432 2133 3887 2251 facultate,
3951 2163 4034 2223 et
4094 2142 4449 2245 auctori·

1076 2280 1239 2341 tate
1290 2319 1312 2360 ,
1353 2259 1696 2374 ²ubique
1747 2255 2155 2370 judicari,
2226 2283 2305 2346 et
2389 2257 2721 2345 definiri
2772 2253 3075 2343 debere
3108 2318 3129 2361 ,
3198 2254 3520 2341 necnon
3594 2260 3972 2364 irritum,
4065 2281 4145 2343 et
4204 2261 4448 2344 inane

967 2394 984 2414 ·
1063 2375 1477 2494 quicquid
1528 2409 1762 2463 secus
1809 2411 2055 2493 super
2118 2380 2243 2464 his
2297 2412 2442 2492 per
2490 2406 3061 2498 quoscumque
3118 2380 3404 2494 quavis
3456 2382 3941 2467 auctoritate
3979 2443 4001 2485 ,
4049 2382 4442 2484 scienter,

1068 2499 1206 2583 vel
1258 2498 1725 2607 ignoranter
1775 2503 2203 2612 contigerit
2257 2506 2661 2585 attentari.
3938 2594 3949 2603 ,

711 2617 1066 2684 clausulae.
1181 2628 1303 2724 S..
1341 2648 1466 2731 19·
1530 2617 1717 2704 Non
1773 2619 2290 2706 obstantibus
2349 2622 2645 2706 nostris
2692 2617 2797 2704 de
2850 2650 3014 2707 nou
3068 2614 3441 2715 tollendo
3498 2622 3682 2730 jure
3732 2623 4147 2737 quaesitO,
4203 2640 4287 2703 et
4336 2613 4445 2702 de

677 2706 1003 2866 gzzogato·
1070 2768 1269 2824 vero
1351 2741 1632 2824 valore
1707 2736 2134 2826 fructuum
2183 2739 2770 2855 exprimendO,
2850 2771 2945 2824 ac
3022 2734 3128 2822 de
3190 2741 3742 2825 commission.
3803 2745 3884 2825 in
3968 2734 4445 2854 hujusmodi

810 2847 827 2864 ’
1055 2860 1521 2945 unionibus
1569 2855 1939 2947 facienda
1980 2923 2005 2966 ,
2072 2884 2156 2947 et
2221 2859 2609 2947 vocandis
2672 2859 3479 2978 quoruminterest,
3546 2892 3866 2946 necnon
3943 2860 4428 2945 Lateranen·

1068 2976 1330 3065 Conc.
1385 2982 1821 3067 novissime
1872 2982 2260 3068 celebrati
2299 3046 2323 3089 ,
2392 2984 2743 3067 uniones
2827 3000 3258 3094 perpetuas
3289 3042 3316 3082 ,
3406 2982 3560 3065 nisi
3644 2985 3724 3065 in
3781 2983 4102 3066 casibus
4154 3012 4195 3062 a
4248 2981 4433 3091 jure

1062 3104 1476 3210 permissis
1554 3099 1730 3187 fieri
1812 3101 2328 3215 prohibentis
2352 3167 2396 3206 ,.
2446 3103 2789 3219 aliisque
2851 3100 3341 3213 Apostolicis
3404 3096 3687 3189 const.
3724 3164 3747 3205 ,
3836 3133 3931 3186 ac
3970 3098 4444 3212 Hospitalis

1061 3219 1374 3326 Urbis,
1440 3245 1523 3306 et
1571 3220 1970 3308 Gamerae
2020 3220 2627 3336 praedictorum
2680 3226 3149 3336 juramento
3181 3281 3206 3322 ,
3262 3217 3886 3307 confirmatione
3938 3220 4440 3334 Apostolica,

1059 3341 1197 3428 vel
1247 3344 1537 3459 quavis
1588 3340 1970 3428 firmitate
2020 3345 2172 3427 alia
2243 3342 2637 3428 roboratis
2674 3343 3047 3442 statutis,
3117 3338 3915 3447 consuetudinibus,
3988 3339 4431 3453 privilegiis

1062 3490 1399 3577 quoque
1436 3525 1459 3567 ,
1514 3458 1915 3568 indultis,
1980 3488 2062 3549 et
2111 3465 2366 3549 literis
2418 3462 2914 3576 Apostolicis
2966 3462 3125 3543 illis
3161 3524 3186 3563 ,
3238 3483 3321 3544 et
3369 3459 3674 3546 eisdem
3733 3463 4101 3548 Senatori
4138 3524 4161 3563 ,
4216 3457 4441 3543 Con-

1049 3582 1209 3663 sul.
1270 3578 1710 3668 Reformat.
1763 3583 1997 3668 Cam.
2055 3583 2755 3670 Universitatibus
2790 3645 2814 3688 ,
2869 3613 2964 3666 ac
3004 3576 3301 3665 *eorum
3358 3580 3745 3693 Collegiis
3782 3646 3806 3688 ,
3878 3581 4366 3667 Rectoribus
4402 3644 4426 3680 ,

1057 3725 1140 3784 et
1191 3705 1555 3816 personis
1591 3765 1615 3808 ,
1683 3701 2025 3822 aliisque
2079 3703 2513 3819 praedictis
2552 3766 2575 3809 ,
2647 3732 2965 3788 necnon
3025 3701 3223 3813 Pop.
3285 3701 3516 3787 Rom.
3603 3702 4209 3816 vectigalibus,
4277 3698 4432 3786 Re-

1057 3819 1626 3936 demptoribus
1657 3887 1687 3928 ,
1749 3848 1833 3910 et
1881 3826 2058 3910 aliis
2109 3826 2265 3911 sub
2318 3825 2990 3940 quibuscumque
3043 3821 3515 3924 tenoribus,
3570 3847 3655 3908 et
3702 3822 3981 3907 formis
4018 3885 4040 3927 ,
4097 3852 4199 3925 ac,
4239 3838 4435 3907 cum

1057 3943 1487 4057 quibusvis
1553 3945 1939 4029 clausulis
1988 4009 2014 4050 ,
2080 3969 2164 4033 et
2229 3942 2579 4031 decretis
2615 4007 2640 4050 ,
2708 3948 2953 4042 etiam
3032 3943 3337 4029 iteratis
3388 3944 3767 4048 vicibus,
3845 3966 3990 4029 aut
4039 3944 4284 4028 etiam
4337 3942 4432 4045 in

1055 4060 1420 4148 favorem
1490 4062 2038 4178 Hospitalium
2094 4068 2497 4151 concessis
2534 4129 2556 4169 ,
2612 4062 3077 4179 approbatis
3114 4124 3136 4163 ,
3207 4085 3289 4147 et
3342 4064 3750 4148 innovatis
3783 4129 3807 4166 ‚
3875 4064 4184 4180 quibus
4235 4091 4426 4147 om-

1059 4185 1308 4269 nibns
1357 4186 1683 4270 illorum
1742 4211 2061 4272 tenores
2115 4186 2675 4298 praesentibus
2740 4214 2886 4297 pro
2948 4179 3453 4275 sufficienter
3522 4187 3919 4298 expressis
3974 4182 4433 4295 habenteS,

1059 4305 1220 4390 illis
1274 4306 1466 4391 alias
1519 4309 1604 4391 in
1655 4338 1805 4391 suo
1861 4307 2152 4394 robore
2203 4304 2758 4418 permansuris
2792 4366 2817 4409 ,
2898 4302 3051 4387 hac
3119 4306 3295 4387 vice
3340 4301 3841 4409 dumtaxat,
3907 4301 4365 4417 specialiter
4403 4364 4428 4407 ,

1058 4449 1146 4510 ct
1202 4431 1580 4539 expresse-
1620 4424 2162 4539 derogamus,
2236 4428 2696 4545 ceterisque
2761 4425 3183 4508 contrariis
3233 4425 3933 4542 quibuscumque.
4084 4518 4095 4533 μ

682 4552 1032 4659 indulge-n·
1179 4562 1243 4662 §·
1303 4578 1440 4630 20.
1509 4547 1634 4632 Ut
1710 4580 1907 4634 vero
1963 4547 2552 4660 temporalibus
2617 4540 3072 4630 commodis
3168 4545 3617 4656 spiritualia
3689 4576 4044 4664 quoque.
4088 4573 4433 4635 munera

659 4658 941 4751 narum·
1059 4671 1655 4781 conjungamus
1694 4730 1716 4772 ,
1784 4668 2091 4787 quibus
2143 4667 2513 4754 fidelium
2594 4663 2927 4750 devotio
3010 4664 3126 4749 eis
3197 4668 3513 4749 munita
3565 4697 3929 4752 crescere
3980 4667 4290 4775 magiS,
4341 4684 4428 4759 et

533 4884 540 4893 .
657 4758 1352 4916 ffirgzfflssugeri·
1389 4790 1686 4902 possit,
1755 4787 1862 4874 de
1897 4789 2529 4904 omnipotentis
2589 4787 2744 4873 Dei
2815 4780 3417 4888 misericordia,
3503 4818 3597 4872 ac
3664 4787 4096 4875 beatorum
4152 4784 4430 4889 Petri,

656 4920 895 4987 laeticia
937 4972 964 4999 ..
1058 4931 1140 4993 et
1195 4909 1423 4993 Pauli
1481 4909 2060 5019 Apostolorum
2115 4914 2598 4996 auctoritate
2651 4903 2936 5002 confisi
2976 4963 2999 5008 ,
3054 4905 3442 4991 omnibus
3493 4906 4015 5005 Scholasticis
4048 4966 4079 5010 ,
4133 4905 4432 4991 Recto-

652 5011 1029 5168 Reqwtiqripn„
1059 5028 1361 5132 ribus,
1411 5051 1495 5115 et
1543 5029 1993 5138 Ministris,
2055 5033 2195 5147 qui
2280 5032 2365 5115 in
2446 5029 2604 5115 hoc
2682 5025 3058 5135 Collegio
3123 5028 3429 5139 recepti
3490 5023 3801 5114 fuerint
3848 5090 3872 5133 ,
3939 5028 4024 5110 in
4077 5029 4253 5143 ipso
4305 5026 4429 5109 in·

654 5117 802 5261 {ff-m
841 5124 999 5262 ¹32]ss
1053 5179 1406 5257 gressu,
1466 5181 1562 5234 ac
1630 5153 1877 5239 etiarn
1942 5182 2164 5267 quos
2204 5153 2288 5235 in
2362 5147 2657 5237 eodem
2728 5146 3104 5254 Collegio
3162 5142 3566 5234 decedere
3628 5147 3734 5233 ab
3789 5144 4169 5233 humanis
4229 5176 4426 5231 con·

654 5288 823 5379 legii.
906 5320 912 5327 -
1058 5273 1381 5379 tigerit,
1444 5273 1509 5359 si
1560 5276 2077 5383 poenitentes
2111 5335 2141 5376 ,
2203 5294 2288 5356 et
2336 5268 2686 5359 confessi
2735 5297 2922 5355 vere
2974 5266 3128 5379 ipsi
3178 5263 3676 5385 fueritin-in
3733 5270 4021 5353 mortis
4054 5264 4426 5366 ⁸artic'nlo

656 5418 672 5445 ³
760 5394 765 5401 '
849 5412 852 5415 ’
1056 5393 1605 5503 plenissimam
1691 5394 2064 5503 omnium
2129 5415 2657 5506 peccatorum
2736 5417 3071 5477 suorum
3140 5383 3750 5500 Indulgentiam
3789 5450 3812 5495 ,
3878 5411 3960 5476 et
4024 5389 4424 5477 remissio·

1052 5543 1247 5600 nem
1299 5516 1381 5599 in
1439 5538 1935 5714 peffetuum
1985 5507 2551 5601 concedimus·
3758 5557 3765 5561 ·

1632 5634 1790 5719 ulli·
1829 5662 2022 5746 ergo
2097 5654 2252 5720 etc.
