4834 6409
660 2430 1005 2502 Confirma-

634 2530 727 2597 tio
764 2525 995 2595 funda·

633 2620 827 2685 tionis
859 2664 878 2698 ,
933 2629 998 2683 et
1027 2670 1045 2688 .

1034 526 1083 583 a
1156 526 1223 583 a·

1027 524 1238 704 se7nti
1290 612 1815 732 impositione
1864 613 2228 728 cujusvis
2276 611 2700 722 Canonis,
2751 618 2892 705 vel
2941 604 4136 737 aliarum'emphyteuticarum
4188 643 4420 728 prae·

1026 737 1469 825 stationum
1509 798 1535 843 ,
1600 765 1858 854 quas,
1924 737 2141 820 sicut
2191 736 2458 850 ipsum
2513 734 2981 825 dominium
3032 738 3439 835 directum
3472 807 3497 851 ,
3564 764 3646 829 et
3701 761 3968 826 cetera
4019 740 4202 849 jura
4253 732 4423 820 No-

1021 855 1157 941 bis
1204 855 1460 976 (casu
1499 921 1529 963 ,
1595 886 1765 974 quo
1811 854 2017 941 haec
2070 858 2311 943 Sacra
2364 858 2654 944 Missio
2719 862 2961 947 citius
2995 925 3025 967 ,
3089 866 3221 951 vel
3274 868 3532 952 serius
3595 865 4209 971 extingueretur
4242 915 4270 962 ‚
4333 875 4432 943 et.

1024 973 1239 1064 forte
1312 978 1761 1065 necessaria
1838 977 2191 1092 amplius
2271 1009 2438 1064 non
2509 977 2720 1068 foret
2757 1045 2781 1088 ,
2849 1012 2945 1067 ac
3031 1014 3175 1097 per
3263 1013 3776 1102 consequens
3839 978 4043 1064 haec
4115 974 4419 1061 domus

1027 1127 1223 1184 cum
1284 1100 1804 1213 pertiuentiis
1855 1094 1962 1182 ad
2024 1097 2275 1206 alias,
2344 1132 2591 1218 quam
2646 1105 2931 1188 similis
2983 1105 3205 1192 Sacri
3263 1104 3604 1193 Ordinis
3621 1168 3650 1208 ,
3713 1130 4096 1217 personas
4144 1093 4427 1184 devol-

1021 1241 1410 1330 veretur3
1474 1233 1616 1305 a‘ut
1667 1250 2223 1336 quocumque·
2256 1220 2599 1308 demum
2650 1223 2903 1309 modo
2952 1224 3539 1315 Traunerianis
3624 1221 4217 1339 possessoribus
4270 1218 4425 1302 ibi-

1026 1337 1276 1447 dem,
1343 1344 1560 1426 sicut
1608 1343 1995 1456 aequitati
2053 1347 2506 1449 convenit,
2574 1368 2766 1431 ante
2830 1376 3119 1434 omnes
3204 1352 3404 1434 alios
3482 1342 4120 1448 redhiberetur)
4176 1370 4426 1425 reser-

1022 1485 1210 1546 vata
1287 1462 1698 1546 volumus.
1768 1460 2047 1568 Quem
2102 1464 2184 1546 in
2258 1461 2515 1551 finem
2570 1466 2799 1552 hunc
2881 1469 3253 1555 Dominii
3321 1468 3610 1554 directi
3683 1493 4176 1552 consensum
4229 1491 4428 1563 cum
4509 1538 4514 1543 .

1022 1584 1322 1666 nostris
1396 1581 1803 1667 Abbatiae
1839 1644 1864 1687 ,
1930 1603 2013 1664 et
2064 1581 2554 1671 Conventus
2607 1591 3066 1700 insignibus
3135 1596 3552 1700 (attamen
3609 1593 3788 1673 sine
3849 1576 4428 1699 praejudicio)

1024 1700 1444 1816 expediri,
1496 1734 1607 1797 ‚ac
1686 1703 2033 1817 propriis
2099 1707 2482 1792 manibus
2535 1710 3096 1826 subscriptum
3151 1710 3459 1797 extradi
3527 1708 3898 1794 fecimus,
3968 1708 4271 1791 Actum
4335 1704 4433 1789 iu

1021 1846 1674 1938 praememorato
1723 1823 2227 1911 Mouasterio
2300 1827 3031 1921 Michael-Burano
3117 1866 3194 1949 7.
3247 1834 3551 1919 mensis
3614 1827 4163 1931 Decembris,
4231 1826 4427 1909 auni

1028 1945 1451 2030 millesimi
1501 1947 2207 2061 septingentesimi
2274 1953 2667 2061 trigesimi
2721 1956 3025 2072 quinti.

3147 2072 3560 2159 Martinus
3615 2069 3896 2156 Abbas
3949 2067 4045 2150 L.
4101 2066 4181 2150 S.

1146 2183 1240 2269 L.
1303 2183 1384 2269 S.
1436 2185 1799 2273 Joannes
1849 2187 2206 2303 Baptista
2266 2191 2770 2281 Aichhamer
2846 2196 3081 2280 Prior
3123 2257 3147 2300 ,
3207 2219 3294 2281 et
3372 2194 3920 2304 Comentus3
3975 2181 4422 2275 concordat

1026 2334 1221 2392 cum
1272 2308 1652 2418 originali
1716 2310 1826 2393 ita
1880 2331 2132 2397 testor
2184 2312 2315 2398 Fr.
2373 2314 2915 2404 Cherubinus
2965 2315 3203 2428 Mayr
3268 2313 3571 2401 Lector
3633 2313 4057 2427 jubilatus.

1144 2435 1217 2532 §.
1296 2458 1425 2542 19.
1491 2428 1662 2515 Nos
1714 2432 1995 2635 itague
2042 2433 2560 2526 attendentes
2594 2503 2620 2545 ,
2686 2434 2917 2557 quod
2968 2434 3324 2552 praefata
3381 2434 3815 2519 Glickiana
3866 2427 4280 2534 fundatio,
4335 2451 4421 2516 et

1022 2543 1360 2634 donatio
1423 2573 1741 2639 matura
1887 2551 2422 2644 eliberatione
2470 2623 2495 2666 ,
2561 2584 2646 2646 et
2709 2578 3170 2673 spontanea
3218 2557 3649 2643 voluntate
3713 2552 3922 2640 facta
3962 2615 3986 2658 ,
4055 2547 4160 2636 ad
4222 2552 4417 2663 juge

632 2695 1692 2782 donationigmcrementum,
1747 2694 1831 2758 et
1876 2674 2455 2765 exaltationem
2509 2683 2857 2767 Sanctae
2910 2676 3389 2782 Catholicae
3442 2677 3868 2763 Ecclesiae
3919 2669 4182 2760 cedat.
4248 2669 4418 2754 No-

637 2802 933 2870 Glickia..
1022 2788 1151 2877 bis
1198 2815 1477 2883 autem
1545 2824 1646 2881 eo
1728 2796 2310 2907 acceptabilior
2384 2804 2753 2905 eveniat,
2834 2830 3005 2920 quo
3056 2800 3463 2885 acerbiori
3514 2800 3768 2883 animi
3848 2827 4092 2881 sensu
4143 2793 4424 2876 statim

636 2914 775 2985 nae.

1022 2911 1107 2995 in
1167 2912 1619 3026 primordio
1670 2918 2121 3027 regiminis·
2175 2924 2426 3005 nostri
2479 2921 2842 3035 expediri
2896 2918 3344 3007 debuimus
3377 2981 3402 3025 ,
3455 2949 3619 3003 uon
3675 2918 4053 3001 obstante
4107 2976 4130 3020 ,
4183 2907 4417 3031 quod

1022 3031 1562 3122 venerabiles
1627 3032 2298 3125 praedecessores
2372 3046 2629 3127 nostri
2725 3072 2873 3156 per
2951 3039 3122 3125 duo
3182 3046 3349 3156 jam
3427 3044 3593 3155 jam
3672 3037 3995 3124 saecula
4081 3059 4417 3118 summo

1021 3149 1348 3251 fervore
1425 3156 2019 3260 allaborarint,
2091 3190 2269 3246 nec·
2318 3165 2534 3249 curis
2572 3225 2597 3268 ,
2663 3172 2828 3249 nec'
2900 3164 3369 3278 sumptibus
3449 3161 4025 3275 pepercerint,
4093 3152 4198 3241 ad
4258 3153 4426 3236 Lu·

1023 3270 1451 3363 theranam
1489 3341 1514 3380 ‚
1577 3278 1942 3396 aliasque
1992 3278 2416 3390 haereses,
2471 3316 2662 3370 mox
2714 3284 2820 3370 ab
2872 3286 3187 3394 origine
3240 3282 3756 3392 subingestas
3792 3341 3817 3385 ,
3884 3281 4213 3394 penitus
4274 3305 4418 3359 ex·

1025 3397 1446 3512 tirpandas
1481 3462 1505 3506 ,
1573 3420 1822 3517 atque
1872 3399 2415 3488 eliminandas
2453 3468 2476 3511 ,
2546 3409 2713 3491 imo
2769 3404 3145 3490 nonnulli
3211 3434 3496 3489 eorum
3563 3432 3649 3487 se
3685 3390 3948 3513 'opere
3998 3402 4176 3513 ipso
4235 3426 4420 3507 per·

1025 3515 1311 3606 fecisse
1363 3517 1935 3606 indubitanter
1986 3521 2541 3630 crediderint,
2615 3523 2875 3610 nihilo
2928 3549 3198 3610 tamen
3253 3525 3518 3610 secius
3582 3525 4046 3634 oppositum
4129 3514 4420 3636 (quod

1025 3638 1320 3737 flentes
1397 3638 1822 3758 dicimus)
1908 3647 2412 3757 postliminio
2466 3677 2550 3763 se
2603 3643 3123 3760 prodidisse,
3190 3643 3392 3729 dum
3454 3673 3540 3729 re
3595 3673 3738 3758 per
3800 3642 4090 3726 orbem
4168 3643 4425 3750 impe-

1029 3762 1418 3879 riumque
1469 3764 1884 3869 notissima
1923 3826 1946 3869 ‚
2014 3798 2201 3881 pars
2248 3772 2513 3879 major
2569 3789 3030 3853 nostrorum
3086 3763 3615 3852 subditorum
3669 3766 3882 3849 intra
3948 3764 4202 3875 Alpes
4262 3759 4418 3842 sub

1028 3879 1489 3994 Religionis
1526 3906 1955 3997 praetextu
2031 3885 2819 3974 damnabilissimam
2879 3909 3184 3983 contra,
3240 3885 3412 3970 Nos
3501 3882 3991 3970 seditionem
4059 3883 4422 3968 concita·

1024 4026 1273 4110 runt,
1304 4037 1424 4099 ,ac
1475 4008 2009 4115 Augustanae
2060 4006 2646 4113 Confessioni.,
2737 4008 3087 4124 aliisque
3138 4008 3378 4092 sectis
3409 4071 3438 4111 ,
3501 4029 3583 4093 et
3647 4006 4065 4091 erroribus
4118 4031 4422 4088 nomen

1025 4116 1599 4233 addicendo,
1650 4130 1990 4216 istorum
2065 4160 2496 4244 nunquam
2561 4126 2964 4215 hactenus
3017 4130 3508 4242 permissum
3585 4127 4067 4212 exercitium
4165 4153 4425 4239 prope

1024 4243 1374 4355 modum
1428 4250 1506 4333 vi
1562 4271 1788 4332 extor
1854 4280 2047 4338 uere
2100 4249 2771 4355 contenderunt,
2826 4253 3015 4333 satis
3063 4278 3212 4362 per
3260 4247 3424 4333 hoc
3475 4248 3950 4352 contestati,
4003 4276 4251 4362 quam
4303 4265 4427 4329 te·

1008 4370 1423 4475 ‘meran-io,
1490 4400 1584 4453 ac
1634 4368 1791 4453 sub
1857 4375 1986 4458 ole
2049 4377 2214 4485 jam
2270 4371 2419 4482 ipsi
2477 4400 2767 4455 eorum
2820 4369 3115 4453 Proavi
3147 4431 3177 4471 ,
3246 4370 3659 4491 Ataviq-ue
3713 4370 4165 4480 perniciosa
4232 4364 4417 4469 illa,

1026 4488 1274 4575 etiam
1327 4490 1669 4602 posteris
1750 4495 2014 4578 tenaci
2066 4491 2568 4601 agglutinata
2623 4490 3149 4575 simulatione
3185 4550 3210 4594 ,
3276 4514 3467 4575 ante
3536 4487 3778 4581 dictis
3845 4482 4426 4575 praedecesso·

1025 4605 1262 4691 ribus
1352 4611 1641 4694 nostris
1693 4610 2291 4722 imposuerint,
2358 4608 2616 4719 Quod
2705 4635 2974 4697 tamen
3029 4608 3536 4724 perpetuatis
3586 4611 4263 4730 inquisitionibus
4315 4636 4426 4691 ne

1023 4726 1557 4844 vixquidem
1607 4732 2437 4846 evenit-epotuisset,
2490 4734 2556 4816 si
2610 4735 3084 4843 praesertim
3135 4731 3601 4843 pastoribus
3637 4790 3663 4833 ,
3716 4755 3798 4818 et
3846 4734 4150 4817 curatis
4205 4729 4422 4813 loco-

1026 4878 1213 4953 rum
1294 4850 1779 4957 ordinariis,
1836 4859 1980 4971 qui
2046 4854 2156 4940 ob
2209 4854 2705 4965 multiplices
2756 4850 3281 4956 functiones,
3350 4882 3447 4937 ex
3496 4849 3778 4937 officio
3841 4847 4420 4967 praestandas,

1024 5000 1069 5059 a
1134 4966 1524 5060 domibus
1592 4975 1760 5058 suis
1812 4976 2093 5062 abesse
2134 4969 2597 5060 difficulter
2681 4992 3077 5087 possunt,
3147 4970 3639 5059 Missionarii
3692 4969 4241 5088 Coadjutores
4326 4970 4417 5054 iu

1023 5090 1493 5193 subsidium
1561 5091 1992 5210 adjuncti,
2057 5118 2141 5181 et
2214 5091 2321 5179 ad
2385 5091 2987 5207 implorandam
3051 5122 3325 5178 veram
3366 5155 3391 5199 ,
3461 5116 3748 5181 contra
3843 5086 4419 5207 extirpandam

1023 5206 1313 5299 falsam
1363 5214 1602 5302 Fidei
1669 5213 2131 5304 doctrinam
2169 5277 2192 5322 ,
2245 5246 2338 5301 ex
2387 5215 2807 5328 proposito
2856 5212 3206 5300 fuissent
3254 5204 3678 5303 destinati:
3739 5217 3822 5300 in
3877 5218 4118 5327 cujus
4167 5240 4414 5297 even·

1024 5334 1228 5419 tuali
1286 5339 1755 5429 intermissu
1810 5338 2127 5425 Nostris
2176 5366 2523 5454 quoque
2589 5335 3218 5421 Successoribus
3254 5397 3279 5441 ,
3357 5339 3677 5423 tametsi
3738 5366 3884 5450 per
3944 5333 4117 5420 Nos
4180 5331 4411 5447 plus,

1026 5484 1280 5574 quam
1330 5457 1542 5566 duo,
1597 5482 1680 5549 et
1749 5460 2043 5570 viginti
2126 5456 2681 5544 sectariorum
2751 5457 3011 5542 millia
3073 5486 3209 5542 ex.
3255 5462 3552 5544 nostris
3605 5454 4060 5545 ditionibus
4111 5451 4426 5540 fuerint

1025 5580 1557 5691 expulsa,uil
1611 5584 1765 5671 nisi
1816 5580 2103 5666 similis
2169 5607 2449 5663 rerum
2500 5577 2669 5662 alea
2730 5609 2880 5663 suo
2917 5600 3289 5695 tempore
3339 5575 3551 5675 foret
3598 5573 4141 5694 expectanda,
4181 5573 4412 5660 omni

923 5716 933 5727 '
1026 5703 1264 5810 zelo,
1332 5735 1457 5831 ac.
1504 5706 1935 5799 severitate
1988 5700 2470 5819 ceteroquin
2556 5696 2852 5788 frustra
2933 5697 3387 5790 fatiscente.
3461 5702 3906 5818 Propterea
3971 5694 4410 5817 praemissa
