4834 6409
3660 429 3778 518 35

525 557 681 663 64.
738 553 917 642 Sub
1004 550 1448 662 maledicto
1509 555 1712 669 Iegis
1799 563 2235 676 nunquam
2283 550 2383 642 fit
2426 553 2812 662 bonum3
2898 553 3091 671 quia
3151 548 3546 668 peccatur
3607 554 3780 645 sive

406 671 799 761 faciendo
847 676 1161 762 malum
1193 740 1222 784 ,
1282 679 1454 764 sive
1503 674 1722 765 illud·
1766 683 2098 766 nonnisi
2151 679 2261 765 ob
2309 677 2695 762 timorem
2750 669 3168 763 evitando.
3208 679 3220 690 '

525 795 676 882 65.
740 795 1073 910 Moyses
1099 860 1124 905 ‚
1175 797 1635 915 Prophetae
1659 841 1707 904 ‚·
1758 798 2234 888 Sacerdotes
2266 862 2294 903 ,
2347 805 2432 884 e‘t
2480 796 2882 884 Doctores
2943 794 3141 906 legis
3187 795 3495 879 mortui
3549 817 3773 901 sunt,

385 914 730 1031 'absque
780 946 881 1002 eo
931 917 1158 1036 quod
1211 919 1712 1010 ullumDeo
1770 918 2156 1009 dederint
2200 918 2530 1023 filium,
2592 947 2787 1006 cum
2834 945 3004 1002 non
3054 910 3533 1022 effecerint,
3600 917 3764 1001 nisi

409 1037 824 1149 mancipia
874 1068 1023 1152 per
1072 1041 1483 1128 timorem.
2176 1083 2180 1090 ’

546 1158 697 1241 66.
766 1154 935 1264 Qui
997 1160 1181 1248 vult
1224 1160 1411 1247 Deo
1461 1163 2121 1282 appropinquare
2158 1224 2186 1270 ‚
2245 1189 2406 1247 nec
2455 1155 2710 1244 debet
2756 1154 2861 1243 ad
2911 1158 3183 1271 ipsum
3226 1157 3514 1246 venire
3590 1185 3786 1243 cum

413 1273 883 1364 brutalibus
957 1282 1531 1392 passionibus,
1598 1314 1702 1370 ne
1766 1314 1874 1369 ue
1923 1280 2228 1368 adduci
2288 1310 2436 1395 per
2496 1280 2987 1363 instinctum
3047 1275 3560 1382 naturalem,
3621 1300 3772 1364 aut

419 1396 796 1482 timorem
833 1460 866 1501 ‚
915 1401 1165 1487 sicuti
1217 1402 1590 1515 bestiae3
1642 1316 1787 1489 εθίέἰ
1833 1433 1983 1519 per
2043 1400 2297 1489 fidem
2328 1463 2353 1505 ,
2418 1420 2504 1485 et
2550 1428 2699 1512 per
2749 1427 3113 1483 amorem
3172 1396 3416 1481 sicuti
3473 1393 3651 1481 filii.
3703 1431 3708 1436 ·

532 1517 681 1630 67.
748 1517 1039 1605 Timor
1087 1524 1403 1610 servilis
1464 1555 1646 1611 -non
1695 1523 1855 1608 sibi
1933 1540 2487 1638 repraesentat
2558 1517 2835 1605 Deum
2869 1582 2895 1624 ,
2961 1519 3118 1602 nisi
3168 1538 3263 1603 ut
3313 1513 3783 1604 Dominum

407 1629 721 1719 durum
749 1699 778 1740 ,
841 1640 1378 1754 imperiosum
1410 1706 1439 1747 ,
1493 1648 1899 1759 injustum
1929 1705 1955 1751 ,
2023 1639 2660 1728 intractabilem.

503 1753 678 1850 68.
745 1756 909 1844 Dei
984 1759 1305 1848 bonitas
1372 1764 1892 1855 abbreviavit
1949 1766 2172 1854 viam
2221 1761 2502 1850 salutis
2552 1755 3022 1847 claudendo
3072 1769 3350 1843 totum·
3391 1759 3476 1842 in
3526 1755 3696 1844 fide
3745 1821 3775 1861 ,

417 1893 503 1962 et
568 1876 983 1989 precibus.
3215 1957 3224 1968 ,

536 1999 679 2107 69.
745 1996 995 2086 fides
1030 2064 1055 2106 ‚
1127 2032 1381 2110 usus,
1459 2023 2049 2113 augmentum,
2123 2024 2208 2089 et
2253 2002 2714 2120 praemium
2765 1997 3062 2108 Fidei,
3131 2021 3399 2085 totum
3457 2022 3581 2086 est
3640 1997 3786 2085 do-

419 2146 625 2207 num
676 2147 931 2230 purae
979 2122 1490 2209 liberalitatis
1556 2125 1747 2211 Dei.

543 2266 679 2352 70.
744 2237 1199 2358 Nunquam
1247 2241 1848 2357 Deusaffligit
1923 2246 2460 2345 innocentes,
2526 2265 2613 2330 et
2687 2239 3172 2329 afflictiones
3241 2269 3563 2357 semper
3623 2269 3794 2328 ser-

424 2360 674 2448 viunt
749 2358 887 2448 vel
960 2358 1069 2446 ad
1175 2360 1701 2480 puniendum
1784 2389 2216 2483 peccatum
2268 2427 2293 2471 ,
2384 2362 2521 2451 vel
2604 2362 2710 2451 ad
2801 2357 3416 2480 purificandum
3500 2392 3788 2477 pecca·

422 2503 713 2565 torem.
2679 2531 2684 2538 -

549 2627 688 2712 71.
755 2597 1031 2684 Homo
1080 2603 1191 2686 ob
1240 2607 1365 2688 sui
1420 2607 2128 2693 conservationem
2191 2624 2462 2717 potest
2529 2634 2618 2688 se
2682 2635 2768 2691 se
2831 2603 3302 2718 dispensare
3368 2605 3475 2690 ab
3526 2634 3621 2691 ea
3673 2603 3786 2689 le·

416 2749 519 2833 ge
552 2782 581 2821 ‚
630 2746 879 2832 quam
930 2719 1163 2807 Deus
1214 2723 1596 2809 condidit
1644 2713 1979 2840 propter
2029 2725 2219 2836 ejus'
2258 2721 2731 2806 utilitatem.
3015 2723 3023 2732 ‘

543 2869 683 2952 72.
748 2838 964 2925 Nota
1013 2842 1436 2931 Ecclesiae
1485 2843 2002 2930 Christianae
2053 2864 2172 2928 est
2202 2902 2225 2946 ‚
2280 2837 2510 2956 quod
2559 2843 2665 2923 sit
2713 2838 3147 2927 Catholica
3169 2903 3202 2947 ,
3241 2839 3798 2955 comprehen-

428 2954 694 3061 dens,
758 2980 842 3043 et
893 2989 1181 3047 omnes
1226 2966 1588 3076 Angelos
1637 2965 1872 3052 Coeli
1911 3026 1936 3071 ‚
2000 2985 2085 3048 et
2131 2991 2416 3047 omnes
2471 2958 2828 3069 electos,
2894 2983 2978 3047 et
3023 2966 3284 3077 justos
3339 2984 3599 3049 terrae
3629 3023 3653 3068 ‚
3714 2984 3799 3048 et

430 3077 813 3160 omnium
875 3082 1414 3166 saeculorum.

558 3195 693 3306 73.
763 3192 996 3302 Quid
1068 3224 1189 3285 est
1250 3201 1622 3290 Ecclesia
1674 3266 1698 3309 ‚
1765 3205 1921 3288 nisi
2022 3223 2303 3289 coetus
2398 3197 2804 3284 Filiorum
2874 3199 3039 3288 Dei
3101 3203 3626 3290 manentium
3711 3205 3800 3288 in

430 3317 614 3425 ejus
672 3314 912 3424 sinu,
977 3317 1553 3434 adoptatorum
1603 3327 1689 3409 in
1739 3322 2124 3427 Christo,
2157 3320 2784 3407 subsistentium
2846 3325 2935 3408 in
2999 3325 3177 3437 ejus
3226 3351 3571 3437 persona
3603 3384 3626 3428 ,
3683 3353 3800 3407 re·

433 3429 958 3549 demptorum
1019 3445 1197 3556 ejus
1256 3447 1653 3553 sanguine
1688 3507 1713 3551 ‚
1763 3444 2228 3532 viventium
2279 3446 2458 3556 ejus
2505 3440 2802 3554 spiritu
2850 3506 2881 3547 ‚
2934 3446 3351 3555 agentium
3398 3473 3547 3558 per
3612 3446 3800 3557 ejus

434 3558 774 3667 gratiam
810 3620 843 3660 ,
903 3581 988 3643 et
1035 3569 1639 3675 expectantium
1694 3563 2034 3677 gratiam
2080 3560 2340 3649 futuri
2395 3559 2742 3648 saeculi?

557 3678 693 3789 74.
760 3674 1191 3785 Ecclesia,
1255 3687 1427 3772 sive
1478 3687 1791 3797 integer
1840 3682 2272 3790 Christu5‚
2355 3682 2882 3769 lucarnatum
2916 3681 3296 3773 Verbum
3347 3677 3650 3793 habet,
3702 3705 3800 3769 ut

430 3790 715 3909 Caput
759 3830 785 3906 3
850 3828 1135 3886 omnes
1196 3833 1397 3892 vero
1447 3804 1786 3891 Sanctos
1819 3869 1845 3912 ‚
1911 3826 2007 3890 ut
2057 3802 2455 3890 membra.
3488 3902 3492 3905 .

420 3983 437 4027 ι.
563 3913 702 4030 75.
771 3916 1150 4007 Ecclesia
1213 3944 1355 4018 est,
1394 3955 1611 4028 unus
1673 3926 1894 4011 solus
1961 3923 2213 4009 homo
2249 3986 2274 4032 ,
2341 3928 2838 4044 compositus
2915 3954 3013 4011 ex
3089 3922 3471 4039 pluribus
3537 3953 3796 4010 mem·-

422 4034 672 4142 -bris,
743 4067 1099 4154 quorum
1178 4042 1555 4131 Christus
1630 4069 1751 4133 est
1840 4044 2170 4161 Caput,
2261 4047 2429 4134 vita
2488 4111 2512 4154 ‚
2591 4046 3109 4133 subsistentia
3146 4107 3172 4152 ‚
3237 4066 3320 4130 et
3377 4073 3786 4159 persona3

439 4153 688 4358 Undis
735 4159 957 4248 solus
1007 4159 1444 4268 Christus,
1494 4167 1992 4281 compositus
2043 4197 2140 4253 ex
2184 4165 2565 4281 pluribus
2617 4169 2936 4255 Sanctis
2964 4229 2988 4276 ,
3028 4194 3382 4286 quorum
3433 4184 3558 4249 est
3595 4162 3798 4252 San-

446 4296 559 4360 cti
624 4298 871 4360 cator.

568 4396 704 4509 76.
756 4394 1004 4482 Nihil
1052 4402 1483 4515 spatiosius
1531 4404 1910 4493 Ecclesia
1957 4407 2163 4517 Dei,
2200 4409 2391 4528 quia
2428 4437 2714 4494 omnes
2760 4408 3036 4513 electi,
3065 4430 3150 4495 et
3176 4405 3375 4520 justi
3425 4406 3802 4491 omnium

444 4514 965 4604 saeculorum
1014 4521 1242 4609 illam
1292 4549 1828 4643 componunt.
3015 4617 3024 4624 .

426 4703 433 4712 .
569 4667 705 4754 77.
778 4638 951 4748 Qui
1003 4673 1171 4730 non
1238 4642 1473 4734 ducit
1550 4652 1806 4735 vitam
1870 4643 2207 4763 dignam
2285 4648 2501 4734 Filio
2552 4645 2790 4755 Dei,
2857 4668 2942 4734 et
3001 4644 3381 4734 membro
3441 4643 3809 4753 Christi,

449 4780 709 4844 cessat
772 4761 1113 4849 interius
1161 4763 1469 4855 habere
1531 4768 1811 4856 Deum
1893 4801 2044 4886 pro
2094 4772 2389 4876 Patre,
2458 4791 2542 4854 et
2594 4766 3025 4855 Christum
3072 4796 3222 4881 pro
3291 4765 3615 4881 Capite.

577 4876 715 4990 78.
785 4879 1227 4995 Separatur
1300 4891 1485 5008 quis
1544 4923 1588 4977 a
1654 4890 1976 5005 Populo
2026 4892 2291 4979 electo
2322 4953 2353 4995 ,
2422 4893 2661 5006 cujus
2711 4886 2974 5001 figura
3021 4883 3185 4973 fuit
3234 4887 3594 5001 populus
3647 4882 3698 4969 J
3709 4915 3815 4971 u-

453 4993 794 5107 daicm,
873 5023 960 5088 et
1043 5002 1321 5122 Caput
1385 5031 1509 5096 est
1565 5009 1803 5096 Jesus
1863 5009 2246 5098 Christus
2295 5074 2319 5118 ‚
2395 5031 2567 5095 tam
2651 5039 2821 5095 non
2895 5004 3263 5098 vivendo
3346 5002 3810 5097 secundum

448 5116 1002 5231 Evangelium
1036 5187 1060 5230 ,
1115 5157 1366 5244 quam
1417 5159 1588 5215 non
1640 5127 2055 5217 credendo
2103 5131 2588 5243 Evangelio.
3330 5209 3339 5218 .

585 5269 721 5354 79.
788 5239 1024 5331 Utile
1059 5308 1085 5354 ,
1139 5269 1224 5333 et
1285 5251 1831 5335 necessarium
1884 5276 2006 5339 est
2071 5255 2302 5337 omni
2364 5276 2797 5366 tempore,
2855 5251 3081 5336 omni
3145 5250 3380 5354 loco,
3449 5269 3535 5334 et
3582 5250 3817 5333 omni

452 5387 1007 5472 personarum·
1037 5371 1318 5480 generi
1364 5366 1699 5458 studere
1728 5432 1752 5476 ,
1818 5395 1900 5457 et
1951 5402 2442 5485 cognoscere
2492 5375 2872 5489 spiritum
2913 5436 2937 5479 ,
3006 5374 3390 5487 pietatem
3430 5432 3460 5472 ,
3512 5390 3597 5456 et
3643 5401 3820 5483 my-

454 5484 692 5568 steria
761 5482 1055 5575 Sacrae
1106 5489 1597 5606 Scripturae.

575 5601 713 5688 80.
784 5605 1077 5696 Lectio
1124 5610 1944 5735 SacraeScripturae
1993 5636 2114 5702 est
2161 5645 2312 5730 pro
2364 5612 2770 5703 omnibus.

2862 5732 3041 5822 E2
