4834 6409
1077 456 1254 545 320
3542 536 3549 543 .
3634 538 3639 543 .
4162 534 4169 539 .

1082 570 1240 691 jori
1300 568 1688 697 exsparte
1727 576 2222 675 ‘eor‘u'mdem
2295 585 2712 708 profectus
2749 649 2785 696 ,.
2839 614 2925 678 et
2969 587 3155 707 spes'
3210 587 3474 676 nos‘tri
3536 581 3917 671 Ordinisss
3977 578 4244 668 Cnret
4303 582 4448 693 igi0‘

1084 723 1220 786 tur
1249 764 1278 808 ‚
1354 724 1450 788 ut
1495 705 1582 808 in
1634 702 1809 791 dies
1858 740 2007 822 per
2053 708 2423 798 studium
2466 715 2848 826 ‘propriae
2897 710 3419 829 perfectionis
3485 712 4129 794 instrumentum
4170 702 4447 819 'aptius

1088 819 1393 909 adeos
1463 823 1900 938 juvandos.
1935 828 2349 919 reddatur.
2423 831 2533 915 11.
2588 833 3065 930 Amabilem
3117 824 4454 947 se‘praestettet‘vitaeintegri-

933 1008 968 1039 ,.
1086 963 1304 1050 tate„
1349 975 1469 1045 „ac
1522 943 2011 1036 discretione
2061 953 2170 1038 ita
2243 985 2330 1041 se
2376 977 2603 1064 gerat
2638 1017 2661 1059 ‚
2743 977 2834 1038 nt
2910 984 3198 1040 ornnes
3256 950 3576 1039 Novitii
3656 945 3764 1034 ad
3827 949 4103 1061 ipsum
4149 944 4235 1031 in
4286 944 4465 1071 suis

1084 1067 1680 1151 tentationibus
1723 1068 2263 1159 *confidenter
2326 1072 2870 1183 confugiant,
2922 1078 3175 1192 eique
3249 1103 3378 1161 res
3461 1067 3965 1158 suas'libere
4029 1064 4457 1183 aperiant,

1080 1207 1163 1267 et
1213 1185 1319 1269 ab
1368 1216 1468 1272 eo
1519 1190 2157 1295 consolationem
2197 1256 2224 1301 ,
2265 1219 2350 1279 et
2411 1196 2807 1281 auxilium
2861 1199 2945 1280 in
2996 1193 3387 1281 omnibus
3436 1211 3797 1306 sperent.
3848 1186 4153 1271 llL‘In
4209 1182 4463 1270 domo

1079 1304 1583 1418 probationis
1629 1298 2137 1398 Monasterio
2183 1319 2632 1429 conjuncta
2663 1379 2690 1422 ,
2752 1316 2886 1404 vel
2935 1318 3020 1399 in
3088 1314 3591 1400 Monasterio
3640 1315 3817 1425 ipso
3862 1307 3901 1427 (
3938 1338 4132 1393 nam
4176 1282 4465 1392 locum

1087 1423 1615 1511 Novitiorum
1691 1455 2154 1545 separatum
2208 1467 2382 1521 esse
2432 1441 2688 1547 magis
2764 1433 3254 1552 expediret)
3319 1432 3880 1521 Refectorium
3958 1425 4303 1545 quidem
4351 1428 4458 1510 sit

1091 1576 1586 1654 commune,
1651 1548 1795 1636 sed
1847 1582 2126 1638 mensa
2177 1556 2454 1674 aliqua
2501 1555 2859 1643 Novitiis
2905 1552 3381 1665 designetur
3439 1577 3625 1669 post
3674 1581 3960 1641 omnes
4027 1542 4460 1633 Professus.

1091 1666 1237 1749 IV.
1302 1665 1691 1777 Magister
1739 1670 2261 1760 Novitiorum
2313 1680 2668 1789 privatas
2719 1698 3041 1761 tantum
3095 1677 3643 1789 poenitentias
3691 1676 3857 1758 suis
3908 1669 4264 1756 Novitiis
4317 1669 4473 1752 im·

1089 1818 1397 1903 ponere
1447 1792 1795 1900 poterit3
1849 1793 2224 1904 publicas
2277 1827 2471 1882 vero
2501 1859 2523 1900 ‚
2571 1828 2731 1881 non
2786 1796 2941 1880 nisi
2994 1796 3372 1881 consulto
3403 1794 3759 1880 Abbate.
3810 1791 3914 1874 V.
3953 1790 4282 1876 Habeat
4328 1786 4477 1872 hic

1094 1904 1314 1993 idem
1369 1907 1760 2019 Magister
1812 1911 2336 2001 Novitiorum
2389 1939 2875 2031 potestatem
2926 1911 3424 2001 ordinariam
3476 1948 3520 2000 a
3561 1914 3947 2000 Praelatis
3982 1904 4473 1997 absolvendi

1098 2059 1144 2111 a
1223 2026 1547 2113 casibus
1597 2035 2021 2118 reservatis
2069 2033 2448 2121 Novitios
2496 2068 2737 2143 suos,
2807 2036 3323 2122 nisi-Abbati
3374 2033 3579 2121 haec
3628 2033 3976 2120 facultas
4035 2030 4309 2147 aliqua
4361 2025 4473 2112 de

1101 2179 1340 2233 causa
1397 2151 1958 2262 restringenda
2013 2153 2499 2260 videretur,
2558 2158 2689 2245 vel
2743 2156 2977 2243 alteri
3028 2153 3615 2242 concedenda:
3687 2151 3833 2240 sed
3882 2152 4205 2238 statutis
4276 2150 4477 2233 anni

1101 2268 1613 2382 temporibus
1649 2334 1678 2377 ‚
1741 2273 2028 2359 saltem
2090 2275 2218 2361 bis
2281 2279 2367 2362 in
2418 2309 2639 2365 anno
2675 2341 2698 2385 ‚
2764 2299 2986 2363 extra
3064 2275 3444 2363 ordinem
3497 2272 4066 2361 Confessarius
4114 2268 4475 2356 Novitiis

1098 2384 1578 2475 offerendus
1624 2415 1768 2476 est.
1825 2393 1967 2477 Vl.
2023 2395 2511 2506 Magistrum
2563 2397 3089 2485 Novitiornm
3142 2419 3557 2483 versatum
3623 2426 3794 2482 esse
3844 2413 4167 2508 oportet
4218 2393 4302 2474 in
4348 2389 4471 2474 le-

1107 2511 1379 2593 ctione
1447 2510 1849 2597 librorum
1904 2517 2510 2629 spiritualium,
2583 2541 2675 2603 ut
2752 2516 3281 2631 deceptiones
3317 2580 3343 2623 ‚
3400 2516 3644 2635 'quae
3709 2518 3791 2598 in
3858 2511 4259 2628 spirituali
4310 2512 4475 2595 vita

1109 2626 1548 2737 accidunt,
1590 2633 2017 2744 intelligat.
2072 2635 2427 2725 Novitiis
2481 2669 2681 2725 vero
2730 2669 2866 2724 eos
2916 2659 3245 2722 tantum
3307 2634 3695 2748 legendos
3744 2632 4014 2720 tradet
4048 2695 4073 2737 ,
4127 2636 4335 2748 quos
4367 2626 4479 2715 ad

980 2834 988 2843 ,
1107 2779 1392 2834 eorum
1445 2749 1908 2865 profectum
1963 2756 2433 2844 conducere
2492 2754 2962 2871 judicabit,
3028 2761 3349 2875 quique
3429 2760 3596 2842 sint
3667 2751 4163 2859 orthodoxi,
4231 2775 4316 2835 et
4374 2749 4481 2834 ab

1106 2868 1483 2956 Ecclesia
1536 2871 1970 2961 Catholica
2021 2909 2184 2965 non
2241 2879 2679 2993 reprobati.
2744 2876 3219 2964 Semihorae
3293 2909 3495 2965 vero
3542 2882 3803 2989 spatio
3853 2871 4190 2961 eosdem
4241 2868 4484 2956 doce·

1097 2990 1241 3109 ‘bit
1303 2989 1784 3085 Orationem
1851 2999 2294 3086 mentalem
2346 3022 2427 3099 et
2476 2998 2851 3085 vocalem
2884 3059 2911 3104 ,
2979 2997 4078 3084 Doctrinam-Christianam
4114 3058 4145 3096 ,
4194 3014 4280 3077 et
4330 2990 4489 3077 Re·

1113 3110 1398 3219 gulas,
1464 3135 1711 3227 atque
1775 3114 2092 3201 Statuta
2144 3122 2398 3204 nostri
2453 3116 2855 3204 Ordinist
2929 3123 3405 3233 pracsertim
3471 3126 3632 3235 qua
3714 3119 4030 3205 ratione
4091 3109 4488 3199 accedere

1117 3228 1478 3315 debeant
1527 3230 1633 3315 ad
1687 3233 2207 3324 Sacramenta
2260 3234 2821 3325 Confessionis
2844 3302 2877 3343 ,
2925 3262 3009 3324 et
3059 3235 3677 3349 Eucharistiae3
3730 3260 3821 3323 et
3866 3229 4292 3354 quomodo
4334 3229 4487 3318 ho-

1115 3350 1226 3432 ris
1293 3347 1793 3459 Canonicis,
1863 3378 1945 3440 et
1996 3356 2288 3444 Sacrae
2339 3358 2769 3470 Liturgiae'
2808 3361 3197 3448 interesse
3261 3391 3399 3446 eos
3450 3360 3912 3445 conveniat.
3968 3354 4141 3464 Qui
4209 3375 4489 3439 autem
4536 3392 4549 3405 ·

1120 3469 1393 3555 literas
1459 3474 1889 3581 nesciunt,
1968 3476 2152 3561 illos
2219 3502 2560 3564 statutas
2644 3509 2932 3593 preces
3001 3484 3344 3566 recitare
3410 3476 3772 3566 docebit.
3872 3475 4065 3562 Vll.
4133 3473 4492 3564 Abbatis

1119 3612 1289 3695 est,
1360 3621 1622 3675 unum
1677 3624 1770 3677 ex
1809 3593 2392 3709 Sacerdotibus
2443 3599 2919 3687 Monasterii
2953 3663 2977 3707 ,
3013 3601 3162 3717 qui
3212 3602 3319 3685 sit
3361 3631 3558 3715 prae
3593 3600 3885 3685 ceteris
3931 3626 4261 3682 morum
4309 3625 4496 3709 pro-

1121 3710 1441 3818 bitate,
1523 3734 1607 3801 et
1655 3709 2026 3801 doctrina
2093 3715 2785 3826 commendatus,
2853 3718 3338 3833 Magistrum
3423 3719 3948 3829 Novitiorum
4034 3714 4491 3826 designare.

1124 3829 1379 3916 Hunc
1427 3854 1707 3919 autem
1776 3836 1854 3918 si
1911 3839 2461 3949 negligentem
2516 3843 2600 3924 in
2680 3840 3033 3929 Novitiis
3115 3838 3703 3946 instituendis,
3770 3862 3913 3927 aut
3975 3839 4253 3923 minus
4302 3868 4495 3950 pru·

1128 3948 1463 4037 dentem
1518 3955 1601 4038 in
1656 3956 1773 4040 eis
1847 3957 2353 4068 corrigendis
2402 3958 3095 4076 deprehenderit,
3157 3954 3327 4074 pro'
3362 3961 3755 4076 qualitate
3806 3958 4102 4072 culpae
4171 3958 4491 4071 puniat:

1126 4070 1382 4191 idque
1435 4104 1710 4161 coram
1774 4074 2224 4186 professis,
2295 4110 2459 4167 non
2514 4111 2788 4166 coram
2851 4081 3209 4167 Novitiis
3284 4079 3453 4167 fiat.
3522 4080 3746 4166 Eum
3788 4111 3994 4168 ‘vero
4059 4075 4165 4165 ab
4216 4074 4495 4166 officio

1069 4206 1072 4211 '
1126 4224 1553 4285 removere
1607 4225 1766 4281 non
1822 4202 2182 4310 poterit,
2247 4204 2400 4287 nisi
2457 4199 3117 4313 Congregatione
3164 4199 3771 4288 Monachorum
3820 4197 4221 4288 consulta.

2468 4440 2559 4535 ,C
2630 4443 2699 4529 A
2768 4441 2857 4526 Ρ.
2976 4442 3135 4526 111.

2501 4685 2639 4775 De
2709 4684 3142 4803 Professis.
3249 4726 3258 4735 ·

1254 4927 1315 5010 1.
1385 4928 1829 5042 Postquam
1906 4923 2288 5010 Novitius
2375 4925 2958 5041 professionem
3028 4928 3462 5034 emiserit,
3533 4927 4085 5045 aliquandiu,
4154 4927 4501 5014 Abbatis

1136 5048 1470 5136 arbitrio
1509 5110 1533 5152 ,
1597 5049 1768 5131 sive
1822 5047 1902 5128 in
1960 5048 2410 5131 ministerio
2465 5048 3106 5154 Fratrum‚sive
3164 5051 3245 5132 in
3302 5045 3591 5132 studiis
3662 5050 4081 5135 literarum
4136 5078 4501 5137 exercea-

1137 5190 1329 5274 tur,
1396 5192 1487 5253 ut
1567 5187 1998 5278 appareat,
2080 5197 2179 5250 an
2251 5163 2353 5250 ad
2435 5167 2949 5277 Clericorum
3020 5167 3409 5254 ordinem
3473 5167 4090 5282 promovendus
4152 5174 4329 5273 sit,
4397 5196 4500 5251 an

1131 5316 1328 5377 vero
1403 5290 1485 5372 in
1546 5285 1987 5371 Laicorum
2066 5307 2308 5379 coetu
2363 5319 2693 5375 manere
2759 5287 3110 5399 debeat3
3182 5298 3436 5375 ‘nemo
3501 5293 3721 5376 enim
3787 5293 3869 5374 in
3945 5317 4216 5379 nostra
4281 5290 4509 5376 Con-

1132 5412 1598 5518 gregatione
1665 5430 1855 5493 ante
1902 5404 2418 5492 Novitiatum
2472 5406 2575 5493 ad
2630 5433 2935 5495 statum
2988 5409 3508 5497 Clericorum
3559 5473 3582 5516 ‚
3645 5414 3816 5495 sive
3870 5410 4313 5499 Laicorum
4363 5407 4506 5495 de·

943 5616 954 5633 X
1125 5540 1521 5637 putatur,
1579 5524 1737 5610 sed
1794 5552 2080 5613 omnes
2159 5524 2735 5619 indifferenter
2812 5530 2923 5616 ad
2976 5539 3595 5648 quemcumque
3662 5546 3966 5617 statum
4016 5532 4506 5620 'admittun-

971 5702 997 5721 t
1130 5668 1307 5730 tur:
1379 5672 1462 5735 et
1508 5646 1774 5733 solnm
1856 5671 2040 5762 post
2117 5670 2529 5764 peractam
2576 5648 3228 5768 professionem,
3300 5676 3647 5771 postque
3714 5649 3936 5739 edita
3978 5762 3989 5767 ⁸
4029 5653 4504 5744 idoneitatis
