4834 6409
1086 469 1261 561 358

1079 598 1494 684 rationem
1544 590 1777 684 dabit
1842 585 2161 684 Abbati
2209 599 2436 713 juxta
2485 597 3058 690 Inventarium
3118 586 4027 707 Bibliothecae.'Quod
4084 614 4169 682 et
4233 585 4469 710 prae·
4598 592 4605 597 ’

1084 718 1332 806 stabit
1367 779 1391 824 ,
1448 746 1642 807 cum
1692 719 1900 806 alter
1945 719 2052 805 in‘
2084 722 2264 837 ejus
2314 721 2600 809 locum
2650 721 3044 849 succedit.
3204 740 3253 761 ··
4039 762 4049 776 -

2412 962 2483 1049 c
2550 967 2629 1050 A·
2691 965 2783 1051 P.
2903 908 3157 1050 xlv.

1384 1203 1524 1289 De
1584 1148 1829 1287 Socio
1865 1266 1889 1310 ,
1941 1222 2022 1287 et
2081 1204 2386 1325 sigillo
2436 1207 2802 1293 Abbatis
2857 1206 3298 1294 Generalis
3332 1269 3364 1310 ,
3427 1204 4117 1327 Hegumcnorum
4151 1265 4176 1312 ,

1683 1340 1764 1405 et
1830 1324 2194 1412 Abbatis
2266 1331 2771 1416 Provinciae
2800 1391 2824 1436 ,
2877 1347 3134 1448 atque
3186 1328 3882 1414 Coenobiarchae.
4088 1358 4093 1363 ·

1148 1669 1157 1677 -
1218 1563 1283 1646 I.-
1355 1563 1643 1652 Abbas
1706 1563 2138 1656 Generalis
2188 1630 2211 1674 ,
2268 1565 2742 1676 Hegumeni
2795 1629 2822 1676 ‚
2885 1594 2971 1658 et
3020 1571 3393 1661 Abbates
3458 1567 4003 1673 Provinciae,
4039 1586 4137 1652 'ac
4183 1568 4482 1657 Mona-

1097 1687 1319 1771 sterii
1371 1679 1739 1800 deligant
1798 1692 1951 1776 sibi
2006 1719 2106 1775 ex
2154 1690 2588 1777 Monachis
2640 1688 3019 1802 professis
3072 1694 3434 1799 Socium,
3489 1691 3641 1810 qui-
3688 1686 4127 1775 Secretarii
4175 1708 4483 1771 munus

1102 1830 1331 1916 gerat
1366 1870 1390 1913 ,
1445 1811 1829 1931 ipsosque
1877 1815 1963 1896 in
2015 1810 2269 1895 literis
2329 1807 2787 1897 scribendis
2849 1812 3220 1935 adjuvet,
3271 1832 3830 1929 exeuntesque
3880 1839 3927 1894 e
3957 1806 4485 1923 'Monasterio

1106 1931 1572 2016 comitetur.
1661 1932 1768 2015 11.
1833 1933 2441 2050 Unusquisque
2491 1961 2585 2019 ex
2650 1926 2894 2019 dictis
2945 1933 3421 2026 Abbatibus
3454 1996 3486 2036 ,
3546 1953 3631 2018 et
3679 1929 4196 2041 Heg'umenis
4244 1925 4483 2038 sigitu-

1101 2047 1278 2133 lum
1332 2055 1756 2168 proprium
1809 2050 2137 2159 habeat,
2189 2051 2420 2169 quod
2459 2056 2555 2168 ‚in
2612 2055 2818 2140 cella
2872 2087 3018 2141 sua
3056 2051 3511 2166 'diligenter
3559 2049 3971 2137 custodiat
4021 2077 4217 2133 cum
4268 2040 4513 2132 Im‘a?

1102 2172 1293 2280 gine
1344 2236 1369 2279 ,
1434 2178 1504 2257 si
1557 2171 1737 2262 lieri
1798 2196 2067 2289 potest
2105 2236 2128 2278 ,
2183 2174 2264 2257 S.
2332 2173 2426 2258 P.
2480 2177 2826 2261 Antonii
2879 2179 3166 2290 Magni
3219 2238 3242 2282 ,
3308 2195 3456 2260 aut
3527 2171 4060 2259 Emblemate
4132 2165 4490 2279 figuram

1112 2289 1200 2376 T
1188 2321 1302 2376 au
1365 2318 2028 2408 repraesentante
2063 2357 2089 2395 ,
2143 2317 2229 2382 et
2289 2324 2483 2381 cum
2535 2297 3072 2413 inscriptione
3120 2294 3404 2401 officii,
3455 2323 3628 2412 quo
3677 2289 4249 2408 unusquisque
4294 2284 4490 2373 fun-

1106 2412 1351 2522 gitur.
1416 2414 1892 2525 Videlicet,
1964 2416 2348 2529 Sigillum
2396 2414 2754 2504 Abbatis
2805 2412 3235 2506 Generalis
3288 2412 3632 2500 Ordinis
3708 2415 3792 2499 S.
3860 2410 4213 2496 Antonii
4265 2406 4491 2499 Con-

1104 2538 1594 2649 gregationis
1651 2540 1732 2624 S.
1801 2537 2077 2623 Isaiae.
2149 2536 2529 2648 Sigillum
2578 2537 2851 2650 primi,
2888 2539 3024 2628 vel
3072 2534 3465 2639 secundi,
3526 2536 3660 2623 vel
3713 2529 3988 2638 tertii,
4026 2529 4491 2648 vel-quarti

1109 2653 1977 2770 HegumeniOrdinis
2030 2660 2107 2744 S.
2162 2660 2569 2762 Antonii,
2625 2655 3307 2771 Congregationis
3384 2658 3466 2739 S.
3522 2656 3801 2741 Isaiae.
3872 2650 4492 2763 SigillumMo-

1108 2782 1440 2865 nasterii
1489 2777 1596 2864 N.
1669 2776 2015 2866 Ordinis
2078 2779 2158 2864 S.
2221 2781 2571 2865 Antonii
2623 2775 3302 2893 Congregationis
3353 2778 3437 2862 S.
3488 2775 3768 2862 Isaiae.
3837 2768 4105 2891 quue
4180 2768 4493 2884 duplex

1107 2902 1276 3006 sit,
1339 2900 1691 2987 alterum
1756 2904 2024 3017 majus
2072 2964 2096 3007 ‚
2153 2902 2393 3014 cujus
2445 2900 2642 2983 usus
2705 2905 2863 2988 erit
2913 2905 2996 2986 in
3052 2898 3301 2986 rebus
3371 2898 3648 3008 magni
3711 2893 4176 3000 momenti,
4241 2913 4327 2979 et
4374 2891 4493 2974 al·

1108 3044 1383 3108 terum
1433 3023 1710 3107 minus
1759 3086 1788 3126 ,
1853 3051 2022 3141 quo
2073 3025 2154 3105 in
2212 3021 2460 3105 rebus
2513 3022 3101 3107 communibus
3151 3040 3521 3109 utentur.
3602 3015 3758 3099 ΙΙΙ.
3825 3010 4131 3099 Nullus
4199 3010 4490 3095 Mona-

1110 3142 1315 3228 chus
1369 3144 1641 3228 literas
1689 3175 1876 3228 suas
1927 3142 2087 3226 alio
2139 3140 2429 3251 Sigillo·
2462 3135 2864 3251 firmabit,
2911 3173 3159 3261 quam
3214 3138 3566 3225 Abbatis
3611 3135 4113 3221 Monasterii.
4149 3131 4297 3216 IV.
4351 3127 4491 3216 Ad

1112 3261 1518 3348 Officium
1571 3263 1792 3348 Socii
1829 3327 1858 3367 ,
1922 3283 2008 3347 et
2058 3260 2493 3347 Secretarii
2559 3259 2876 3350 electus
2907 3328 2939 3368 ,
3006 3288 3558 3381 quaecunque
3634 3254 3989 3344 audierit
4037 3315 4062 3360 ,
4129 3247 4414 3364 legerit
4464 3310 4488 3355 ,

1115 3404 1259 3470 aut
1306 3385 1774 3498 scripserit,
1838 3381 2093 3468 debet
2169 3378 2589 3495 profundo
2654 3384 2982 3499 silentio
3044 3381 3417 3468 caelare:
3482 3377 3661 3467 Nec
3713 3379 3870 3465 nisi
3925 3390 4270 3486 urgente
4318 3376 4498 3454 ‘ne-

1114 3506 1486 3592 cessitate
1545 3510 1591 3628 a
1663 3502 2252 3620 communibus
2303 3505 2788 3590 Monasterii
2839 3500 3163 3590 Officiis
3213 3510 3527 3591 vaca're.

2466 3742 2538 3827 C
2604 3743 2683 3826 A
2744 3740 2835 3825 P.
2933 3741 3159 3829 'XV.-

2450 3934 2590 4070 De
2630 3983 3155 4100 'Infirmafiia

1243 4231 1309 4317 I.
1378 4232 1476 4319 In
1539 4231 1883 4347 singulis
1930 4229 2450 4317 Monasteriis
2503 4224 3136 4316 constituendus
3197 4230 3354 4314 erit
3417 4226 3930 4316 Infit-marius
3966 4285 3991 4330 ,
4063 4221 4193 4307 vir
4243 4222 4423 4337 pius
4474 4279 4498 4322 ,

1126 4378 1211 4442 et
1255 4351 1633 4468 patiens,
1701 4355 1845 4472 qui
1899 4382 2182 4438 curam
2236 4349 2579 4437 habebit
2643 4345 3241 4458 Infirmorum3
3307 4380 3665 4468 quorum
3743 4337 4174 4456 aegritudo
4234 4337 4506 4427 ‘simul

1127 4498 1379 4592 atque
1430 4479 1504 4562 ei
1561 4472 1920 4560 indicata
1983 4469 2289 4576 fuerit,
2351 4475 2415 4555 si
2470 4471 2888 4557 censuerit
2936 4498 3109 4555 rem
3175 4500 3348 4556 esse
3411 4472 3765 4587 alicujus
3826 4470 4258 4573 momenti,
4327 4459 4505 4543 Ab·

1047 4618 1058 4633 ·
1123 4596 1433 4702 batem,
1486 4620 1629 4681 aut
1678 4594 2106 4680 Vicat-ium
2169 4589 2633 4680 admoneat.
2689 4591 2801 4674 11.
2854 4588 3262 4697 Student,
3317 4614 3411 4677 ut
3462 4624 3677 4712 quae
3727 4591 4174 4701 aegrotanti
4228 4577 4502 4672 danda
4567 4618 4573 4623 ·

1121 4734 1321 4798 sunt
1353 4775 1377 4819 ,
1444 4744 1537 4800 ea
1600 4739 1683 4801 et
1733 4735 2200 4829 opportune
2250 4735 2635 4800 emantur
2664 4775 2695 4818 ,
2760 4733 2842 4797 et
2889 4713 3108 4796 bona
3159 4715 3366 4820 sint,
3405 4737 3489 4799 et
3544 4715 3759 4801 bene
3826 4731 4299 4825 praeparata
4348 4704 4503 4785 mi·

1128 4836 1603 4920 nistrentur.
1672 4834 1822 4918 ΙΙΙ.
1881 4830 2208 4938 Curet,
2256 4854 2354 4918 ut
2401 4857 2922 4944 aegrotorum
2998 4832 3384 4919 cubicula
3436 4839 3603 4921 sint
3676 4827 3920 4923 valde
3968 4829 4283 4916 munda
4316 4892 4341 4935 ,
4421 4843 4506 4907 et

1128 4957 1319 5042 lecti
1389 4957 1801 5042 concinne
1851 4976 2347 5041 sternantur.
2422 4944 3094 5063 lV.‘Aegrotum
3172 4955 3638 5061 consolari,
3708 4979 3790 5041 et
3838 4948 4285 5039 exhilarare
4333 4973 4505 5034 stu-

1129 5073 1322 5162 deat
1376 5076 1647 5163 verbis
1713 5075 2285 5190 ‘spiritualibus
2334 5137 2357 5180 ,
2425 5076 2511 5160 et
2561 5073 2813 5160 laetis.
2883 5072 3213 5160 Habeat
3275 5078 3519 5162 etiam
3566 5076 3828 5161 libros
3866 5136 3889 5178 ,
3963 5102 4319 5190 quorum
4393 5071 4505 5156 le·

1131 5199 1403 5285 ctione
1456 5201 1760 5308 aegroti
1831 5199 2171 5283 recreari
2225 5255 2253 5299 ,
2315 5218 2400 5281 et
2463 5196 2730 5307 juvari
2800 5194 2884 5279 in
2948 5197 3241 5309 spiritu
3317 5200 3651 5310 possint.
3723 5195 3823 5280 V.
3880 5192 4506 5309 'Quaecumque

1137 5321 1766 5425 Aegrotantium
1832 5319 2020 5402 usui
2089 5318 2536 5403 necessaria
2589 5312 3269 5427 esse‘judicabit,
3333 5316 3639 5423 habere
3690 5338 3925 5403 curet
3961 5376 3986 5419 ,
4050 5336 4134 5400 et
4184 5319 4267 5398 in
4326 5315 4509 5399 loco

1132 5440 1662 5525 convenienti
1714 5437 2156 5525 custodire.
2212 5436 2352 5520 VI.
2407 5442 2488 5526 A
2536 5429 2872 5527 Medico
2921 5439 3411 5553 praescripta
3460 5432 3738 5525 exacte
3785 5456 4109 5523 servet:
4151 5432 4326 5519 dies
4378 5466 4513 5520 ae-

1129 5561 1604 5673 grotationis
1641 5621 1665 5666 ,
1730 5581 1817 5647 et
1864 5558 2149 5644 lioram
2220 5554 2473 5646 febris
2537 5552 2911 5643 advertat
2960 5558 3014 5663 ,'
3049 5583 3230 5650 tum
3284 5582 3379 5644 ut
3431 5559 3853 5646 Medicum
3890 5621 3919 5660 ,
3984 5577 4069 5640 et
4116 5557 4509 5669 Superio-

1129 5713 1304 5772 rem
1353 5679 1844 5792 admoneat,
1918 5707 2092 5771 tum
2144 5690 2239 5766 ut
2292 5678 2579 5768 cibum
2632 5672 3115 5794 tempestix‘te
3166 5679 3575 5795 praebeat.
3632 5677 3823 5766 Vn.
3880 5666 4357 5765 Simorbus
4404 5681 4513 5765 sit
