<?xml version="1.0" encoding="UTF-8"?>
<!DOCTYPE html PUBLIC "-//W3C//DTD XHTML 1.0 Transitional//EN"
    "http://www.w3.org/TR/xhtml1/DTD/xhtml1-transitional.dtd">
<html xmlns="http://www.w3.org/1999/xhtml" xml:lang="en" lang="en">
 <head>
  <title>
</title>
<meta http-equiv="Content-Type" content="text/html;charset=utf-8" />
  <meta name='ocr-system' content='tesseract 3.04.00' />
  <meta name='ocr-capabilities' content='ocr_page ocr_carea ocr_par ocr_line ocrx_word'/>
</head>
<body>
  <div class='ocr_page' id='page_1' title='image "./bullariumpontif00fidegoog/bullariumpontif00fidegoog_0312.png"; bbox 0 0 4834 6409; ppageno 0'>
   <div class='ocr_carea' id='block_1_1' title="bbox 948 427 1117 514">
    <p class='ocr_par' dir='ltr' id='par_1_1' title="bbox 948 427 1117 514">
     <span class='ocr_line' id='line_1_1' title="bbox 948 427 1117 514; baseline 0.012 -2"><span class='ocrx_word' id='word_1_1' title='bbox 948 427 1117 514; x_wconf 79' lang='lat'><em>302</em></span> 
     </span>
    </p>
   </div>
   <div class='ocr_carea' id='block_1_2' title="bbox 1076 538 4364 1028">
    <p class='ocr_par' dir='ltr' id='par_1_2' title="bbox 1076 538 4364 1028">
     <span class='ocr_line' id='line_1_2' title="bbox 1076 538 4326 663; baseline -0.004 -31"><span class='ocrx_word' id='word_1_2' title='bbox 1076 548 1667 663; x_wconf 78' lang='lat' dir='ltr'><em>Opportunum</em></span> <span class='ocrx_word' id='word_1_3' title='bbox 1736 575 1912 632; x_wconf 89' lang='lat' dir='ltr'><em>esse</em></span> <span class='ocrx_word' id='word_1_4' title='bbox 1982 549 2580 632; x_wconf 79' lang='lat' dir='ltr'><em>existimatum</em></span> <span class='ocrx_word' id='word_1_5' title='bbox 2637 561 2763 631; x_wconf 86' lang='lat' dir='ltr'><em>est</em></span> <span class='ocrx_word' id='word_1_6' title='bbox 2816 542 2942 630; x_wconf 87' lang='lat' dir='ltr'><em>ad</em></span> <span class='ocrx_word' id='word_1_7' title='bbox 2974 543 3437 660; x_wconf 78' lang='lat' dir='ltr'><em>pleniorem</em></span> <span class='ocrx_word' id='word_1_8' title='bbox 3518 538 3911 621; x_wconf 81' lang='lat' dir='ltr'><em>notitiam</em></span> <span class='ocrx_word' id='word_1_9' title='bbox 3975 564 4259 621; x_wconf 86' lang='lat' dir='ltr'><em>eorum</em></span> <span class='ocrx_word' id='word_1_10' title='bbox 4297 599 4326 639; x_wconf 86' lang='lat'><em>,</em></span> 
     </span>
     <span class='ocr_line' id='line_1_3' title="bbox 1196 655 4335 786; baseline -0.005 -32"><span class='ocrx_word' id='word_1_11' title='bbox 1196 700 1417 786; x_wconf 82' lang='lat' dir='ltr'><em>quae</em></span> <span class='ocrx_word' id='word_1_12' title='bbox 1487 676 1579 772; x_wconf 87' lang='lat' dir='ltr'><em>in</em></span> <span class='ocrx_word' id='word_1_13' title='bbox 1656 667 2110 753; x_wconf 86' lang='lat' dir='ltr'><em>Clementis</em></span> <span class='ocrx_word' id='word_1_14' title='bbox 2158 667 2368 755; x_wconf 90' lang='lat' dir='ltr'><em>XII.</em></span> <span class='ocrx_word' id='word_1_15' title='bbox 2455 668 2714 752; x_wconf 69' lang='lat' dir='ltr'><em>Brevi</em></span> <span class='ocrx_word' id='word_1_16' title='bbox 2754 663 3241 782; x_wconf 84' lang='lat' dir='ltr'><em>Apostolico</em></span> <span class='ocrx_word' id='word_1_17' title='bbox 3287 661 3674 778; x_wconf 85' lang='lat' dir='ltr'><em>superius.</em></span> <span class='ocrx_word' id='word_1_18' title='bbox 3753 655 4015 741; x_wconf 88' lang='lat' dir='ltr'><em>allato</em></span> <span class='ocrx_word' id='word_1_19' title='bbox 4074 660 4335 742; x_wconf 85' lang='lat' dir='ltr'><em>conti-</em></span> 
     </span>
     <span class='ocr_line' id='line_1_4' title="bbox 1201 774 4337 907; baseline -0.006 -29"><span class='ocrx_word' id='word_1_20' title='bbox 1201 809 1505 878; x_wconf 82' lang='lat' dir='ltr'><em>nentur</em></span> <span class='ocrx_word' id='word_1_21' title='bbox 1578 795 1814 874; x_wconf 84' lang='lat' dir='ltr'><em>circa</em></span> <span class='ocrx_word' id='word_1_22' title='bbox 1870 787 2345 907; x_wconf 82' lang='lat' dir='ltr'><em>Collegium</em></span> <span class='ocrx_word' id='word_1_23' title='bbox 2426 787 3013 906; x_wconf 87' lang='lat' dir='ltr'><em>Anglicanum</em></span> <span class='ocrx_word' id='word_1_24' title='bbox 3061 791 3156 871; x_wconf 89' lang='lat' dir='ltr'><em>in</em></span> <span class='ocrx_word' id='word_1_25' title='bbox 3210 784 3435 869; x_wconf 87' lang='lat' dir='ltr'><em>Urbe</em></span> <span class='ocrx_word' id='word_1_26' title='bbox 3463 843 3487 886; x_wconf 91' lang='lat'>‚</span> <span class='ocrx_word' id='word_1_27' title='bbox 3552 778 3708 862; x_wconf 77' lang='lat' dir='ltr'><em>hoc</em></span> <span class='ocrx_word' id='word_1_28' title='bbox 3773 774 3951 862; x_wconf 93' lang='lat' dir='ltr'><em>loco</em></span> <span class='ocrx_word' id='word_1_29' title='bbox 4024 774 4337 894; x_wconf 71' lang='lat' dir='ltr'><em>referre</em></span> 
     </span>
     <span class='ocr_line' id='line_1_5' title="bbox 1211 897 4364 1028; baseline -0.006 -28"><span class='ocrx_word' id='word_1_30' title='bbox 1211 914 1913 1000; x_wconf 84' lang='lat' dir='ltr'><em>Constitutionem</em></span> <span class='ocrx_word' id='word_1_31' title='bbox 1968 908 2367 1028; x_wconf 77' lang='lat' dir='ltr'><em>Gregorii</em></span> <span class='ocrx_word' id='word_1_32' title='bbox 2408 906 2672 994; x_wconf 89' lang='lat' dir='ltr'><em>XIII.</em></span> <span class='ocrx_word' id='word_1_33' title='bbox 2723 906 2828 994; x_wconf 87' lang='lat' dir='ltr'><em>de</em></span> <span class='ocrx_word' id='word_1_34' title='bbox 2869 905 3245 1025; x_wconf 87' lang='lat' dir='ltr'><em>ejusdem</em></span> <span class='ocrx_word' id='word_1_35' title='bbox 3302 903 3667 1018; x_wconf 73' lang='lat' dir='ltr'><em>Collegit</em></span> <span class='ocrx_word' id='word_1_36' title='bbox 3711 897 4257 986; x_wconf 86' lang='lat' dir='ltr'><em>institutione.</em></span> <span class='ocrx_word' id='word_1_37' title='bbox 4355 930 4364 937; x_wconf 90' lang='lat'><strong>·</strong></span> 
     </span>
    </p>
   </div>
   <div class='ocr_carea' id='block_1_3' title="bbox 1094 1132 4382 1751">
    <p class='ocr_par' dir='ltr' id='par_1_3' title="bbox 1094 1132 4382 1751">
     <span class='ocr_line' id='line_1_6' title="bbox 1094 1132 4368 1270; baseline -0.005 -34"><span class='ocrx_word' id='word_1_38' title='bbox 1094 1150 1523 1236; x_wconf 77' lang='lat' dir='ltr'><em>Institutio</em></span> <span class='ocrx_word' id='word_1_39' title='bbox 1580 1149 1946 1269; x_wconf 86' lang='lat' dir='ltr'><em>Collegii</em></span> <span class='ocrx_word' id='word_1_40' title='bbox 1993 1147 2353 1270; x_wconf 88' lang='lat' dir='ltr'><em>Anglici</em></span> <span class='ocrx_word' id='word_1_41' title='bbox 2433 1154 2527 1234; x_wconf 89' lang='lat' dir='ltr'><em>in</em></span> <span class='ocrx_word' id='word_1_42' title='bbox 2579 1150 2806 1235; x_wconf 83' lang='lat' dir='ltr'><em>Urbe</em></span> <span class='ocrx_word' id='word_1_43' title='bbox 2839 1212 2864 1257; x_wconf 94' lang='lat'><em>,</em></span> <span class='ocrx_word' id='word_1_44' title='bbox 2919 1178 3077 1263; x_wconf 84' lang='lat' dir='ltr'><em>pro</em></span> <span class='ocrx_word' id='word_1_45' title='bbox 3120 1145 3641 1234; x_wconf 76' lang='lat' dir='ltr'><em>scholaribus</em></span> <span class='ocrx_word' id='word_1_46' title='bbox 3711 1136 4118 1228; x_wconf 86' lang='lat' dir='ltr'><em>Nationis</em></span> <span class='ocrx_word' id='word_1_47' title='bbox 4163 1132 4368 1222; x_wconf 71' lang='lat' dir='ltr'><em>An·&#39;</em></span> 
     </span>
     <span class='ocr_line' id='line_1_7' title="bbox 1209 1254 4350 1388; baseline -0.004 -36"><span class='ocrx_word' id='word_1_48' title='bbox 1209 1269 1489 1388; x_wconf 84' lang='lat' dir='ltr'><em>glicae</em></span> <span class='ocrx_word' id='word_1_49' title='bbox 1544 1302 1696 1386; x_wconf 87' lang='lat' dir='ltr'><em>per</em></span> <span class='ocrx_word' id='word_1_50' title='bbox 1745 1274 1867 1354; x_wconf 83' lang='lat' dir='ltr'><em>ibi</em></span> <span class='ocrx_word' id='word_1_51' title='bbox 1916 1269 2370 1356; x_wconf 81' lang='lat' dir='ltr'><em>educandis</em></span> <span class='ocrx_word' id='word_1_52' title='bbox 2408 1336 2437 1376; x_wconf 86' lang='lat'><em>,</em></span> <span class='ocrx_word' id='word_1_53' title='bbox 2499 1287 2580 1353; x_wconf 90' lang='lat' dir='ltr'><em>et</em></span> <span class='ocrx_word' id='word_1_54' title='bbox 2650 1267 3155 1355; x_wconf 83' lang='lat' dir='ltr'><em>instruendis</em></span> <span class='ocrx_word' id='word_1_55' title='bbox 3185 1329 3210 1373; x_wconf 92' lang='lat'><em>,</em></span> <span class='ocrx_word' id='word_1_56' title='bbox 3279 1299 3475 1350; x_wconf 88' lang='lat' dir='ltr'><em>cum</em></span> <span class='ocrx_word' id='word_1_57' title='bbox 3526 1290 4022 1347; x_wconf 81' lang='lat' dir='ltr'><em>annuorum·</em></span> <span class='ocrx_word' id='word_1_58' title='bbox 4073 1254 4350 1341; x_wconf 83' lang='lat' dir='ltr'><em>reddi-</em></span> 
     </span>
     <span class='ocr_line' id='line_1_8' title="bbox 1222 1380 4348 1510; baseline -0.004 -37"><span class='ocrx_word' id='word_1_59' title='bbox 1222 1408 1465 1474; x_wconf 84' lang='lat' dir='ltr'><em>tuum</em></span> <span class='ocrx_word' id='word_1_60' title='bbox 1526 1395 2094 1510; x_wconf 80' lang='lat' dir='ltr'><em>assignatione</em></span> <span class='ocrx_word' id='word_1_61' title='bbox 2119 1457 2149 1495; x_wconf 82' lang='lat'><em>,</em></span> <span class='ocrx_word' id='word_1_62' title='bbox 2197 1396 2996 1509; x_wconf 80' lang='lat' dir='ltr'><em>exemptionumque</em></span> <span class='ocrx_word' id='word_1_63' title='bbox 3024 1452 3048 1494; x_wconf 91' lang='lat'><em>,</em></span> <span class='ocrx_word' id='word_1_64' title='bbox 3097 1406 3182 1471; x_wconf 89' lang='lat' dir='ltr'><em>et</em></span> <span class='ocrx_word' id='word_1_65' title='bbox 3232 1384 3750 1470; x_wconf 82' lang='lat' dir='ltr'><em>indultorum</em></span> <span class='ocrx_word' id='word_1_66' title='bbox 3801 1380 4348 1483; x_wconf 84' lang='lat' dir='ltr'><em>concessione,</em></span> 
     </span>
     <span class='ocr_line' id='line_1_9' title="bbox 1221 1493 4382 1623; baseline -0.004 -32"><span class='ocrx_word' id='word_1_67' title='bbox 1221 1529 1302 1592; x_wconf 92' lang='lat' dir='ltr'><em>et</em></span> <span class='ocrx_word' id='word_1_68' title='bbox 1351 1512 1712 1595; x_wconf 85' lang='lat' dir='ltr'><em>Sanctae</em></span> <span class='ocrx_word' id='word_1_69' title='bbox 1765 1513 2192 1597; x_wconf 86' lang='lat' dir='ltr'><em>Roman-ae</em></span> <span class='ocrx_word' id='word_1_70' title='bbox 2239 1511 2672 1599; x_wconf 86' lang='lat' dir='ltr'><em>Ecclesiae</em></span> <span class='ocrx_word' id='word_1_71' title='bbox 2737 1509 3224 1595; x_wconf 87' lang='lat' dir='ltr'><em>Cardinalis</em></span> <span class='ocrx_word' id='word_1_72' title='bbox 3279 1506 3783 1593; x_wconf 73' lang='lat' dir='ltr'><em>Protectoris</em></span> <span class='ocrx_word' id='word_1_73' title='bbox 3817 1564 3845 1605; x_wconf 91' lang='lat'><em>,</em></span> <span class='ocrx_word' id='word_1_74' title='bbox 3896 1520 3976 1583; x_wconf 91' lang='lat' dir='ltr'><em>et</em></span> <span class='ocrx_word' id='word_1_75' title='bbox 4024 1493 4382 1623; x_wconf 33' lang='lat' dir='ltr'><em>Iudicis-</em></span> 
     </span>
     <span class='ocr_line' id='line_1_10' title="bbox 1226 1629 3202 1751; baseline 0.001 -40"><span class='ocrx_word' id='word_1_76' title='bbox 1226 1635 1317 1712; x_wconf 90' lang='lat' dir='ltr'><em>in</em></span> <span class='ocrx_word' id='word_1_77' title='bbox 1364 1663 1843 1751; x_wconf 85' lang='lat' dir='ltr'><em>cognoscen.</em></span> <span class='ocrx_word' id='word_1_78' title='bbox 1897 1663 2186 1716; x_wconf 86' lang='lat' dir='ltr'><em>eorum</em></span> <span class='ocrx_word' id='word_1_79' title='bbox 2244 1637 2523 1717; x_wconf 83' lang='lat' dir='ltr'><em>causis</em></span> <span class='ocrx_word' id='word_1_80' title='bbox 2575 1629 3202 1746; x_wconf 84' lang='lat' dir='ltr'><em>jurisdictione.</em></span> 
     </span>
    </p>
   </div>
   <div class='ocr_carea' id='block_1_4' title="bbox 1180 1799 4175 2041">
    <p class='ocr_par' dir='ltr' id='par_1_4' title="bbox 1180 1799 4175 2041">
     <span class='ocr_line' id='line_1_11' title="bbox 1180 1799 4175 2041; baseline -0.005 -55"><span class='ocrx_word' id='word_1_81' title='bbox 1180 1799 4175 2041; x_wconf 66' lang='lat' dir='ltr'>GREGORIUSEPISCOPUS</span> 
     </span>
    </p>
   </div>
   <div class='ocr_carea' id='block_1_5' title="bbox 1951 2103 3455 2477">
    <p class='ocr_par' dir='ltr' id='par_1_5' title="bbox 1951 2103 3455 2477">
     <span class='ocr_line' id='line_1_12' title="bbox 2148 2103 3214 2212; baseline -0.006 -6"><span class='ocrx_word' id='word_1_82' title='bbox 2148 2120 2452 2212; x_wconf 86' lang='lat' dir='ltr'><em>Servus</em></span> <span class='ocrx_word' id='word_1_83' title='bbox 2520 2103 2966 2210; x_wconf 85' lang='lat' dir='ltr'><em>Servorum</em></span> <span class='ocrx_word' id='word_1_84' title='bbox 3028 2116 3214 2203; x_wconf 87' lang='lat' dir='ltr'><em>Dei.</em></span> 
     </span>
     <span class='ocr_line' id='line_1_13' title="bbox 1951 2359 3455 2477; baseline -0.005 -30"><span class='ocrx_word' id='word_1_85' title='bbox 1951 2359 2096 2446; x_wconf 85' lang='lat' dir='ltr'><em>Ad</em></span> <span class='ocrx_word' id='word_1_86' title='bbox 2131 2380 2625 2477; x_wconf 86' lang='lat' dir='ltr'><em>perpetuam</em></span> <span class='ocrx_word' id='word_1_87' title='bbox 2699 2365 2832 2444; x_wconf 84' lang='lat' dir='ltr'><em>rei</em></span> <span class='ocrx_word' id='word_1_88' title='bbox 2892 2362 3455 2444; x_wconf 84' lang='lat' dir='ltr'><em>memoriam.-</em></span> 
     </span>
    </p>
   </div>
   <div class='ocr_carea' id='block_1_6' title="bbox 617 2504 4538 5358">
    <p class='ocr_par' dir='ltr' id='par_1_6' title="bbox 617 2504 4394 3559">
     <span class='ocr_line' id='line_1_14' title="bbox 617 2504 4376 2728; baseline -0.003 -42"><span class='ocrx_word' id='word_1_89' title='bbox 617 2596 976 2665; x_wconf 66' lang='lat' dir='ltr'><em>Praemium</em></span> <span class='ocrx_word' id='word_1_90' title='bbox 1134 2504 1665 2728; x_wconf 83' lang='lat' dir='ltr'><em>Quoniam</em></span> <span class='ocrx_word' id='word_1_91' title='bbox 1713 2602 2072 2691; x_wconf 80' lang='lat' dir='ltr'><em>Divinae</em></span> <span class='ocrx_word' id='word_1_92' title='bbox 2120 2604 2471 2688; x_wconf 85' lang='lat' dir='ltr'><em>bonitati</em></span> <span class='ocrx_word' id='word_1_93' title='bbox 2525 2603 2793 2688; x_wconf 82' lang='lat' dir='ltr'><em>visum</em></span> <span class='ocrx_word' id='word_1_94' title='bbox 2844 2621 3025 2704; x_wconf 90' lang='lat' dir='ltr'><em>est,</em></span> <span class='ocrx_word' id='word_1_95' title='bbox 3080 2596 3634 2685; x_wconf 85' lang='lat' dir='ltr'><em>humilitatem</em></span> <span class='ocrx_word' id='word_1_96' title='bbox 3689 2615 4046 2684; x_wconf 87' lang='lat' dir='ltr'><em>nostram</em></span> <span class='ocrx_word' id='word_1_97' title='bbox 4087 2591 4376 2682; x_wconf 87' lang='lat' dir='ltr'><em>turbu-</em></span> 
     </span>
     <span class='ocr_line' id='line_1_15' title="bbox 1006 2714 4374 2837; baseline -0.004 -29"><span class='ocrx_word' id='word_1_98' title='bbox 1006 2725 1473 2810; x_wconf 87' lang='lat' dir='ltr'><em>lentissimis</em></span> <span class='ocrx_word' id='word_1_99' title='bbox 1526 2724 2044 2811; x_wconf 83' lang='lat' dir='ltr'><em>Christianae</em></span> <span class='ocrx_word' id='word_1_100' title='bbox 2107 2723 2645 2837; x_wconf 75' lang='lat' dir='ltr'><em>Reipublicae</em></span> <span class='ocrx_word' id='word_1_101' title='bbox 2698 2720 3208 2835; x_wconf 85' lang='lat' dir='ltr'><em>temporibus</em></span> <span class='ocrx_word' id='word_1_102' title='bbox 3244 2779 3269 2823; x_wconf 91' lang='lat'><em>,</em></span> <span class='ocrx_word' id='word_1_103' title='bbox 3339 2714 3442 2803; x_wconf 86' lang='lat' dir='ltr'><em>ad</em></span> <span class='ocrx_word' id='word_1_104' title='bbox 3495 2719 3907 2806; x_wconf 87' lang='lat' dir='ltr'><em>excelsum</em></span> <span class='ocrx_word' id='word_1_105' title='bbox 3958 2722 4374 2805; x_wconf 85' lang='lat' dir='ltr'><em>universa·</em></span> 
     </span>
     <span class='ocr_line' id='line_1_16' title="bbox 1007 2837 4394 2959; baseline -0.001 -32"><span class='ocrx_word' id='word_1_106' title='bbox 1007 2845 1107 2927; x_wconf 90' lang='lat' dir='ltr'><em>lis</em></span> <span class='ocrx_word' id='word_1_107' title='bbox 1183 2843 1607 2929; x_wconf 84' lang='lat' dir='ltr'><em>Ecclesiae</em></span> <span class='ocrx_word' id='word_1_108' title='bbox 1691 2843 2027 2930; x_wconf 87' lang='lat' dir='ltr'><em>culmen</em></span> <span class='ocrx_word' id='word_1_109' title='bbox 2082 2844 2567 2947; x_wconf 84' lang='lat' dir='ltr'><em>sublevare,</em></span> <span class='ocrx_word' id='word_1_110' title='bbox 2636 2837 3389 2957; x_wconf 74' lang='lat' dir='ltr'><em>haereditatisque,</em></span> <span class='ocrx_word' id='word_1_111' title='bbox 3457 2873 3705 2959; x_wconf 88' lang='lat' dir='ltr'><em>quam</em></span> <span class='ocrx_word' id='word_1_112' title='bbox 3756 2843 4114 2954; x_wconf 82' lang='lat' dir='ltr'><em>pretioso</em></span> <span class='ocrx_word' id='word_1_113' title='bbox 4198 2862 4394 2922; x_wconf 68' lang='lat' dir='ltr'><em>saw·</em></span> 
     </span>
     <span class='ocr_line' id='line_1_17' title="bbox 1009 2958 4379 3080; baseline -0.002 -34"><span class='ocrx_word' id='word_1_114' title='bbox 1009 2963 1259 3074; x_wconf 87' lang='lat' dir='ltr'><em>guine</em></span> <span class='ocrx_word' id='word_1_115' title='bbox 1308 2993 1457 3047; x_wconf 92' lang='lat' dir='ltr'><em>suo</em></span> <span class='ocrx_word' id='word_1_116' title='bbox 1523 2966 1977 3080; x_wconf 90' lang='lat' dir='ltr'><em>quaesivit,</em></span> <span class='ocrx_word' id='word_1_117' title='bbox 2031 2961 2826 3048; x_wconf 81' lang='lat' dir='ltr'><em>administrationem</em></span> <span class='ocrx_word' id='word_1_118' title='bbox 2897 2990 3144 3046; x_wconf 89' lang='lat' dir='ltr'><em>curae</em></span> <span class='ocrx_word' id='word_1_119' title='bbox 3197 2982 3516 3047; x_wconf 87' lang='lat' dir='ltr'><em>nostrae</em></span> <span class='ocrx_word' id='word_1_120' title='bbox 3591 2958 4171 3046; x_wconf 84' lang='lat' dir='ltr'><em>commendare</em></span> <span class='ocrx_word' id='word_1_121' title='bbox 4209 3019 4234 3062; x_wconf 95' lang='lat'><em>,</em></span> <span class='ocrx_word' id='word_1_122' title='bbox 4287 2983 4379 3038; x_wconf 85' lang='lat' dir='ltr'><em>ea</em></span> 
     </span>
     <span class='ocr_line' id='line_1_18' title="bbox 1010 3075 4378 3197; baseline -0.002 -30"><span class='ocrx_word' id='word_1_123' title='bbox 1010 3107 1382 3167; x_wconf 89' lang='lat' dir='ltr'><em>nostrum</em></span> <span class='ocrx_word' id='word_1_124' title='bbox 1472 3106 1868 3197; x_wconf 87' lang='lat' dir='ltr'><em>perpetua</em></span> <span class='ocrx_word' id='word_1_125' title='bbox 1929 3080 2414 3169; x_wconf 88' lang='lat' dir='ltr'><em>sollecitudo</em></span> <span class='ocrx_word' id='word_1_126' title='bbox 2493 3084 2812 3169; x_wconf 86' lang='lat' dir='ltr'><em>exacuit</em></span> <span class='ocrx_word' id='word_1_127' title='bbox 2890 3084 3260 3165; x_wconf 86' lang='lat' dir='ltr'><em>animum</em></span> <span class='ocrx_word' id='word_1_128' title='bbox 3363 3078 3467 3167; x_wconf 88' lang='lat' dir='ltr'><em>ad</em></span> <span class='ocrx_word' id='word_1_129' title='bbox 3535 3082 3671 3195; x_wconf 90' lang='lat' dir='ltr'><em>pie</em></span> <span class='ocrx_word' id='word_1_130' title='bbox 3748 3075 4378 3175; x_wconf 85' lang='lat' dir='ltr'><em>meditandum,</em></span> 
     </span>
     <span class='ocr_line' id='line_1_19' title="bbox 1015 3199 4388 3323; baseline -0.002 -39"><span class='ocrx_word' id='word_1_131' title='bbox 1015 3234 1186 3317; x_wconf 92' lang='lat' dir='ltr'><em>quo</em></span> <span class='ocrx_word' id='word_1_132' title='bbox 1235 3225 1529 3314; x_wconf 84' lang='lat' dir='ltr'><em>pactO,</em></span> <span class='ocrx_word' id='word_1_133' title='bbox 1608 3227 1690 3287; x_wconf 86' lang='lat' dir='ltr'><em>et</em></span> <span class='ocrx_word' id='word_1_134' title='bbox 1738 3203 1899 3288; x_wconf 90' lang='lat' dir='ltr'><em>Dei</em></span> <span class='ocrx_word' id='word_1_135' title='bbox 1964 3200 2569 3289; x_wconf 86' lang='lat' dir='ltr'><em>misericordiae</em></span> <span class='ocrx_word' id='word_1_136' title='bbox 2616 3236 2659 3290; x_wconf 90' lang='lat' dir='ltr'><em>a</em></span> <span class='ocrx_word' id='word_1_137' title='bbox 2713 3235 2876 3323; x_wconf 87' lang='lat' dir='ltr'><em>qua</em></span> <span class='ocrx_word' id='word_1_138' title='bbox 2938 3223 3262 3287; x_wconf 84' lang='lat' dir='ltr'><em>tantum</em></span> <span class='ocrx_word' id='word_1_139' title='bbox 3314 3206 3779 3316; x_wconf 87' lang='lat' dir='ltr'><em>accepimus</em></span> <span class='ocrx_word' id='word_1_140' title='bbox 3811 3265 3845 3307; x_wconf 82' lang='lat'><em>,</em></span> <span class='ocrx_word' id='word_1_141' title='bbox 3896 3199 4067 3286; x_wconf 88' lang='lat' dir='ltr'><em>Nos</em></span> <span class='ocrx_word' id='word_1_142' title='bbox 4117 3218 4388 3309; x_wconf 89' lang='lat' dir='ltr'><em>gratos</em></span> 
     </span>
     <span class='ocr_line' id='line_1_20' title="bbox 1020 3316 4383 3439; baseline -0.001 -33"><span class='ocrx_word' id='word_1_143' title='bbox 1020 3319 1554 3407; x_wconf 82' lang='lat' dir='ltr'><em>exhibeamus</em></span> <span class='ocrx_word' id='word_1_144' title='bbox 1592 3386 1616 3429; x_wconf 89' lang='lat'><em>,</em></span> <span class='ocrx_word' id='word_1_145' title='bbox 1674 3346 1757 3409; x_wconf 87' lang='lat' dir='ltr'><em>et</em></span> <span class='ocrx_word' id='word_1_146' title='bbox 1808 3347 2170 3409; x_wconf 87' lang='lat' dir='ltr'><em>nostram</em></span> <span class='ocrx_word' id='word_1_147' title='bbox 2230 3323 2653 3409; x_wconf 83' lang='lat' dir='ltr'><em>Ecclesiae</em></span> <span class='ocrx_word' id='word_1_148' title='bbox 2718 3354 2911 3413; x_wconf 83' lang='lat' dir='ltr'><em>suae</em></span> <span class='ocrx_word' id='word_1_149' title='bbox 2962 3350 3291 3435; x_wconf 84' lang='lat' dir='ltr'><em>operam</em></span> <span class='ocrx_word' id='word_1_150' title='bbox 3324 3384 3348 3427; x_wconf 91' lang='lat'><em>,</em></span> <span class='ocrx_word' id='word_1_151' title='bbox 3435 3322 3844 3439; x_wconf 83' lang='lat' dir='ltr'><em>quantum</em></span> <span class='ocrx_word' id='word_1_152' title='bbox 3894 3318 4174 3407; x_wconf 85' lang='lat' dir='ltr'><em>diviua</em></span> <span class='ocrx_word' id='word_1_153' title='bbox 4237 3316 4383 3401; x_wconf 88' lang='lat' dir='ltr'><em>be·</em></span> 
     </span>
     <span class='ocr_line' id='line_1_21' title="bbox 1022 3439 3848 3559; baseline 0.001 -36"><span class='ocrx_word' id='word_1_154' title='bbox 1022 3444 1421 3552; x_wconf 85' lang='lat' dir='ltr'><em>nignitate</em></span> <span class='ocrx_word' id='word_1_155' title='bbox 1473 3441 1735 3559; x_wconf 86' lang='lat' dir='ltr'><em>adjuti</em></span> <span class='ocrx_word' id='word_1_156' title='bbox 1785 3446 2184 3557; x_wconf 91' lang='lat' dir='ltr'><em>possimus</em></span> <span class='ocrx_word' id='word_1_157' title='bbox 2219 3505 2244 3549; x_wconf 93' lang='lat'><em>,</em></span> <span class='ocrx_word' id='word_1_158' title='bbox 2332 3474 2501 3527; x_wconf 89' lang='lat' dir='ltr'><em>non</em></span> <span class='ocrx_word' id='word_1_159' title='bbox 2557 3444 2939 3529; x_wconf 88' lang='lat' dir='ltr'><em>inutilem</em></span> <span class='ocrx_word' id='word_1_160' title='bbox 2986 3439 3405 3527; x_wconf 83' lang='lat' dir='ltr'><em>faciamus.</em></span> <span class='ocrx_word' id='word_1_161' title='bbox 3842 3452 3848 3461; x_wconf 83' lang='grc'><em>’</em></span> 
     </span>
    </p>

    <p class='ocr_par' dir='ltr' id='par_1_7' title="bbox 634 3558 4406 3680">
     <span class='ocr_line' id='line_1_22' title="bbox 634 3558 4406 3680; baseline -0.003 -31"><span class='ocrx_word' id='word_1_162' title='bbox 634 3587 843 3649; x_wconf 79' lang='lat' dir='ltr'><em>Causa</em></span> <span class='ocrx_word' id='word_1_163' title='bbox 880 3582 993 3647; x_wconf 85' lang='lat' dir='ltr'><em>hu·</em></span> <span class='ocrx_word' id='word_1_164' title='bbox 1137 3570 1207 3664; x_wconf 72' lang='lat' dir='ltr'><em>S.</em></span> <span class='ocrx_word' id='word_1_165' title='bbox 1290 3593 1361 3646; x_wconf 92' lang='lat'><em>1.</em></span> <span class='ocrx_word' id='word_1_166' title='bbox 1430 3563 1710 3670; x_wconf 83' lang='lat' dir='ltr'><em>Quare</em></span> <span class='ocrx_word' id='word_1_167' title='bbox 1760 3595 1951 3648; x_wconf 91' lang='lat' dir='ltr'><em>cum</em></span> <span class='ocrx_word' id='word_1_168' title='bbox 2005 3561 2420 3680; x_wconf 86' lang='lat' dir='ltr'><em>quotidie,</em></span> <span class='ocrx_word' id='word_1_169' title='bbox 2483 3595 2644 3647; x_wconf 91' lang='lat' dir='ltr'><em>non</em></span> <span class='ocrx_word' id='word_1_170' title='bbox 2698 3567 2874 3648; x_wconf 91' lang='lat' dir='ltr'><em>sine</em></span> <span class='ocrx_word' id='word_1_171' title='bbox 2924 3565 3147 3674; x_wconf 85' lang='lat' dir='ltr'><em>gravi</em></span> <span class='ocrx_word' id='word_1_172' title='bbox 3196 3563 3449 3647; x_wconf 88' lang='lat' dir='ltr'><em>animi</em></span> <span class='ocrx_word' id='word_1_173' title='bbox 3502 3561 3753 3647; x_wconf 86' lang='lat' dir='ltr'><em>nostri</em></span> <span class='ocrx_word' id='word_1_174' title='bbox 3805 3559 4088 3648; x_wconf 86' lang='lat' dir='ltr'><em>dolore</em></span> <span class='ocrx_word' id='word_1_175' title='bbox 4125 3623 4148 3666; x_wconf 92' lang='lat'><em>,</em></span> <span class='ocrx_word' id='word_1_176' title='bbox 4193 3558 4406 3641; x_wconf 81' lang='lat' dir='ltr'><em>Sau-&#39;</em></span> 
     </span>
    </p>

    <p class='ocr_par' dir='ltr' id='par_1_8' title="bbox 628 3678 4390 3799">
     <span class='ocr_line' id='line_1_23' title="bbox 628 3678 4390 3799; baseline -0.002 -33"><span class='ocrx_word' id='word_1_177' title='bbox 628 3688 726 3790; x_wconf 66' lang='lat' dir='ltr'><em>jus</em></span> <span class='ocrx_word' id='word_1_178' title='bbox 760 3696 894 3783; x_wconf 64' lang='lat' dir='ltr'><em>ere·</em></span> <span class='ocrx_word' id='word_1_179' title='bbox 1023 3702 1233 3767; x_wconf 87' lang='lat' dir='ltr'><em>ctam</em></span> <span class='ocrx_word' id='word_1_180' title='bbox 1320 3681 1669 3769; x_wconf 89' lang='lat' dir='ltr'><em>Domini</em></span> <span class='ocrx_word' id='word_1_181' title='bbox 1742 3684 2017 3769; x_wconf 88' lang='lat' dir='ltr'><em>Nostri</em></span> <span class='ocrx_word' id='word_1_182' title='bbox 2104 3682 2304 3769; x_wconf 83' lang='lat' dir='ltr'><em>Jesu</em></span> <span class='ocrx_word' id='word_1_183' title='bbox 2366 3683 2676 3767; x_wconf 82' lang='lat' dir='ltr'><em>Christi</em></span> <span class='ocrx_word' id='word_1_184' title='bbox 2762 3686 3164 3797; x_wconf 55' lang='lat' dir='ltr'><em>Sponsam*</em></span> <span class='ocrx_word' id='word_1_185' title='bbox 3227 3678 3738 3769; x_wconf 89' lang='lat' dir='ltr'><em>diversorum</em></span> <span class='ocrx_word' id='word_1_186' title='bbox 3790 3688 3968 3799; x_wconf 89' lang='lat' dir='ltr'><em>ejus</em></span> <span class='ocrx_word' id='word_1_187' title='bbox 4029 3680 4390 3765; x_wconf 85' lang='lat' dir='ltr'><em>hostium</em></span> 
     </span>
    </p>

    <p class='ocr_par' dir='ltr' id='par_1_9' title="bbox 631 3789 4538 5358">
     <span class='ocr_line' id='line_1_24' title="bbox 631 3789 4393 3918; baseline -0.002 -30"><span class='ocrx_word' id='word_1_188' title='bbox 631 3789 874 3838; x_wconf 69' lang='lat' dir='ltr'><em>onoma.</em></span> <span class='ocrx_word' id='word_1_189' title='bbox 1022 3804 1632 3915; x_wconf 84' lang='lat' dir='ltr'><em>conspiratione</em></span> <span class='ocrx_word' id='word_1_190' title='bbox 1666 3868 1690 3910; x_wconf 95' lang='lat'><em>,</em></span> <span class='ocrx_word' id='word_1_191' title='bbox 1758 3829 1842 3890; x_wconf 90' lang='lat' dir='ltr'><em>et</em></span> <span class='ocrx_word' id='word_1_192' title='bbox 1888 3804 2253 3889; x_wconf 89' lang='lat' dir='ltr'><em>violento</em></span> <span class='ocrx_word' id='word_1_193' title='bbox 2305 3836 2402 3889; x_wconf 84' lang='lat' dir='ltr'><em>ex</em></span> <span class='ocrx_word' id='word_1_194' title='bbox 2457 3805 2737 3889; x_wconf 87' lang='lat' dir='ltr'><em>multis</em></span> <span class='ocrx_word' id='word_1_195' title='bbox 2784 3803 3156 3918; x_wconf 88' lang='lat' dir='ltr'><em>partibus</em></span> <span class='ocrx_word' id='word_1_196' title='bbox 3206 3803 3544 3887; x_wconf 87' lang='lat' dir='ltr'><em>incursu</em></span> <span class='ocrx_word' id='word_1_197' title='bbox 3596 3808 4051 3916; x_wconf 88' lang='lat' dir='ltr'><em>oppugnari</em></span> <span class='ocrx_word' id='word_1_198' title='bbox 4117 3828 4393 3887; x_wconf 84' lang='lat' dir='ltr'><em>cerna-</em></span> 
     </span>
     <span class='ocr_line' id='line_1_25' title="bbox 1019 3919 4396 4042; baseline -0.002 -35"><span class='ocrx_word' id='word_1_199' title='bbox 1019 3952 1201 4008; x_wconf 88' lang='lat' dir='ltr'><em>mus</em></span> <span class='ocrx_word' id='word_1_200' title='bbox 1236 3985 1259 4028; x_wconf 93' lang='lat'><em>,</em></span> <span class='ocrx_word' id='word_1_201' title='bbox 1340 3926 1863 4042; x_wconf 84' lang='lat' dir='ltr'><em>antiquisque</em></span> <span class='ocrx_word' id='word_1_202' title='bbox 1946 3924 2321 4010; x_wconf 88' lang='lat' dir='ltr'><em>hostibus</em></span> <span class='ocrx_word' id='word_1_203' title='bbox 2406 3922 2900 4009; x_wconf 88' lang='lat' dir='ltr'><em>Infidelibus</em></span> <span class='ocrx_word' id='word_1_204' title='bbox 2988 3923 3282 4007; x_wconf 89' lang='lat' dir='ltr'><em>Turcis</em></span> <span class='ocrx_word' id='word_1_205' title='bbox 3331 3986 3356 4030; x_wconf 91' lang='lat'><em>,</em></span> <span class='ocrx_word' id='word_1_206' title='bbox 3457 3922 3509 4006; x_wconf 85' lang='lat' dir='ltr'><strong>J</strong></span> <span class='ocrx_word' id='word_1_207' title='bbox 3518 3919 3793 4009; x_wconf 89' lang='lat' dir='ltr'><em>udaeis</em></span> <span class='ocrx_word' id='word_1_208' title='bbox 3856 3988 3881 4033; x_wconf 92' lang='lat'><em>,</em></span> <span class='ocrx_word' id='word_1_209' title='bbox 3974 3948 4396 4035; x_wconf 85' lang='lat' dir='ltr'><em>novosque</em></span> 
     </span>
     <span class='ocr_line' id='line_1_26' title="bbox 1017 4042 4396 4161; baseline -0.001 -34"><span class='ocrx_word' id='word_1_210' title='bbox 1017 4043 1469 4129; x_wconf 85' lang='lat' dir='ltr'><em>haereticos</em></span> <span class='ocrx_word' id='word_1_211' title='bbox 1504 4110 1531 4148; x_wconf 87' lang='lat'><em>,</em></span> <span class='ocrx_word' id='word_1_212' title='bbox 1586 4069 1669 4132; x_wconf 91' lang='lat' dir='ltr'><em>et</em></span> <span class='ocrx_word' id='word_1_213' title='bbox 1721 4043 2294 4130; x_wconf 87' lang='lat' dir='ltr'><em>Schismaticos</em></span> <span class='ocrx_word' id='word_1_214' title='bbox 2347 4046 2824 4150; x_wconf 87' lang='lat' dir='ltr'><em>accessisse,</em></span> <span class='ocrx_word' id='word_1_215' title='bbox 2895 4046 3038 4161; x_wconf 91' lang='lat' dir='ltr'><em>qui</em></span> <span class='ocrx_word' id='word_1_216' title='bbox 3096 4046 3321 4127; x_wconf 79' lang='lat' dir='ltr'><em>omni</em></span> <span class='ocrx_word' id='word_1_217' title='bbox 3389 4044 3805 4157; x_wconf 80' lang='lat' dir='ltr'><em>impietate</em></span> <span class='ocrx_word' id='word_1_218' title='bbox 3842 4108 3866 4151; x_wconf 91' lang='lat'>‚</span> <span class='ocrx_word' id='word_1_219' title='bbox 3932 4069 4018 4130; x_wconf 88' lang='lat' dir='ltr'><em>et</em></span> <span class='ocrx_word' id='word_1_220' title='bbox 4093 4042 4396 4128; x_wconf 89' lang='lat' dir='ltr'><em>scelere</em></span> 
     </span>
     <span class='ocr_line' id='line_1_27' title="bbox 1019 4162 4400 4278; baseline -0.001 -30"><span class='ocrx_word' id='word_1_221' title='bbox 1019 4162 1374 4270; x_wconf 89' lang='lat' dir='ltr'><em>imbuti,</em></span> <span class='ocrx_word' id='word_1_222' title='bbox 1444 4197 1536 4250; x_wconf 90' lang='lat' dir='ltr'><em>ac</em></span> <span class='ocrx_word' id='word_1_223' title='bbox 1584 4165 1843 4252; x_wconf 83' lang='lat' dir='ltr'><em>veluti</em></span> <span class='ocrx_word' id='word_1_224' title='bbox 1895 4163 2334 4251; x_wconf 86' lang='lat' dir='ltr'><em>adversarii</em></span> <span class='ocrx_word' id='word_1_225' title='bbox 2403 4167 2653 4249; x_wconf 89' lang='lat' dir='ltr'><em>nostri</em></span> <span class='ocrx_word' id='word_1_226' title='bbox 2709 4162 2940 4248; x_wconf 87' lang='lat' dir='ltr'><em>furiis</em></span> <span class='ocrx_word' id='word_1_227' title='bbox 3006 4165 3431 4272; x_wconf 82' lang='lat' dir='ltr'><em>exagitati,</em></span> <span class='ocrx_word' id='word_1_228' title='bbox 3501 4166 3583 4248; x_wconf 89' lang='lat' dir='ltr'><em>in</em></span> <span class='ocrx_word' id='word_1_229' title='bbox 3637 4167 3818 4278; x_wconf 91' lang='lat' dir='ltr'><em>piae</em></span> <span class='ocrx_word' id='word_1_230' title='bbox 3889 4165 4172 4251; x_wconf 88' lang='lat' dir='ltr'><em>Matris</em></span> <span class='ocrx_word' id='word_1_231' title='bbox 4239 4164 4400 4246; x_wconf 85' lang='lat' dir='ltr'><em>exi·</em></span> 
     </span>
     <span class='ocr_line' id='line_1_28' title="bbox 1024 4283 4399 4403; baseline -0.001 -34"><span class='ocrx_word' id='word_1_232' title='bbox 1024 4288 1235 4370; x_wconf 89' lang='lat' dir='ltr'><em>tium</em></span> <span class='ocrx_word' id='word_1_233' title='bbox 1286 4283 1668 4370; x_wconf 86' lang='lat' dir='ltr'><em>feruntur</em></span> <span class='ocrx_word' id='word_1_234' title='bbox 1706 4350 1727 4391; x_wconf 96' lang='lat'><em>,</em></span> <span class='ocrx_word' id='word_1_235' title='bbox 1796 4283 2023 4403; x_wconf 86' lang='lat' dir='ltr'><em>quod</em></span> <span class='ocrx_word' id='word_1_236' title='bbox 2087 4283 2337 4371; x_wconf 82' lang='lat' dir='ltr'><em>officii</em></span> <span class='ocrx_word' id='word_1_237' title='bbox 2398 4287 2650 4370; x_wconf 81' lang='lat' dir='ltr'><em>nostri</em></span> <span class='ocrx_word' id='word_1_238' title='bbox 2704 4287 2910 4369; x_wconf 84' lang='lat' dir='ltr'><em>ratio</em></span> <span class='ocrx_word' id='word_1_239' title='bbox 2962 4319 3003 4370; x_wconf 89' lang='lat' dir='ltr'><em>a</em></span> <span class='ocrx_word' id='word_1_240' title='bbox 3057 4283 3319 4369; x_wconf 87' lang='lat' dir='ltr'><em>Nobis</em></span> <span class='ocrx_word' id='word_1_241' title='bbox 3387 4285 3894 4398; x_wconf 84' lang='lat' dir='ltr'><em>expostulat,</em></span> <span class='ocrx_word' id='word_1_242' title='bbox 3962 4283 4064 4369; x_wconf 92' lang='lat' dir='ltr'><em>ad</em></span> <span class='ocrx_word' id='word_1_243' title='bbox 4137 4283 4399 4368; x_wconf 88' lang='lat' dir='ltr'><em>homi-</em></span> 
     </span>
     <span class='ocr_line' id='line_1_29' title="bbox 1031 4402 4401 4523; baseline -0.001 -34"><span class='ocrx_word' id='word_1_244' title='bbox 1031 4437 1232 4489; x_wconf 87' lang='lat' dir='ltr'><em>num</em></span> <span class='ocrx_word' id='word_1_245' title='bbox 1282 4408 1638 4518; x_wconf 87' lang='lat' dir='ltr'><em>impetus</em></span> <span class='ocrx_word' id='word_1_246' title='bbox 1675 4469 1698 4512; x_wconf 95' lang='lat'><em>,</em></span> <span class='ocrx_word' id='word_1_247' title='bbox 1755 4435 1922 4523; x_wconf 93' lang='lat' dir='ltr'><em>quo</em></span> <span class='ocrx_word' id='word_1_248' title='bbox 1982 4409 2334 4490; x_wconf 85' lang='lat' dir='ltr'><em>maxime</em></span> <span class='ocrx_word' id='word_1_249' title='bbox 2386 4436 2592 4519; x_wconf 89' lang='lat' dir='ltr'><em>opus</em></span> <span class='ocrx_word' id='word_1_250' title='bbox 2645 4436 2816 4491; x_wconf 89' lang='lat' dir='ltr'><em>esse</em></span> <span class='ocrx_word' id='word_1_251' title='bbox 2877 4402 3308 4509; x_wconf 81' lang='lat' dir='ltr'><em>videmus,</em></span> <span class='ocrx_word' id='word_1_252' title='bbox 3364 4407 3575 4489; x_wconf 85' lang='lat' dir='ltr'><em>vires</em></span> <span class='ocrx_word' id='word_1_253' title='bbox 3625 4404 3888 4490; x_wconf 89' lang='lat' dir='ltr'><em>Nobis</em></span> <span class='ocrx_word' id='word_1_254' title='bbox 3937 4438 3980 4488; x_wconf 89' lang='lat' dir='ltr'><em>a</em></span> <span class='ocrx_word' id='word_1_255' title='bbox 4032 4404 4401 4488; x_wconf 90' lang='lat' dir='ltr'><em>Domino</em></span> 
     </span>
     <span class='ocr_line' id='line_1_30' title="bbox 1024 4522 4402 4643; baseline -0.001 -35"><span class='ocrx_word' id='word_1_256' title='bbox 1024 4522 1360 4609; x_wconf 86' lang='lat' dir='ltr'><em>traditas</em></span> <span class='ocrx_word' id='word_1_257' title='bbox 1412 4530 1905 4637; x_wconf 88' lang='lat' dir='ltr'><em>opponimus</em></span> <span class='ocrx_word' id='word_1_258' title='bbox 1933 4588 1963 4627; x_wconf 90' lang='lat'>‚</span> <span class='ocrx_word' id='word_1_259' title='bbox 2026 4526 2543 4643; x_wconf 87' lang='lat' dir='ltr'><em>populosque</em></span> <span class='ocrx_word' id='word_1_260' title='bbox 2594 4524 3137 4612; x_wconf 86' lang='lat' dir='ltr'><em>imbecillitati</em></span> <span class='ocrx_word' id='word_1_261' title='bbox 3209 4548 3526 4611; x_wconf 87' lang='lat' dir='ltr'><em>nostrae</em></span> <span class='ocrx_word' id='word_1_262' title='bbox 3578 4557 3619 4608; x_wconf 86' lang='lat' dir='ltr'><em>a</em></span> <span class='ocrx_word' id='word_1_263' title='bbox 3674 4522 3953 4611; x_wconf 87' lang='lat' dir='ltr'><em>divina</em></span> <span class='ocrx_word' id='word_1_264' title='bbox 4019 4525 4402 4634; x_wconf 89' lang='lat' dir='ltr'><em>benigni-</em></span> 
     </span>
     <span class='ocr_line' id='line_1_31' title="bbox 1029 4642 4538 4760; baseline 0 -34"><span class='ocrx_word' id='word_1_265' title='bbox 1029 4665 1193 4727; x_wconf 85' lang='lat' dir='ltr'><em>tate</em></span> <span class='ocrx_word' id='word_1_266' title='bbox 1249 4644 1759 4728; x_wconf 87' lang='lat' dir='ltr'><em>concreditos</em></span> <span class='ocrx_word' id='word_1_267' title='bbox 1833 4642 2254 4759; x_wconf 86' lang='lat' dir='ltr'><em>praesidiis</em></span> <span class='ocrx_word' id='word_1_268' title='bbox 2341 4669 2622 4732; x_wconf 87' lang='lat' dir='ltr'><em>contra</em></span> <span class='ocrx_word' id='word_1_269' title='bbox 2695 4642 3052 4730; x_wconf 87' lang='lat' dir='ltr'><em>hostium</em></span> <span class='ocrx_word' id='word_1_270' title='bbox 3106 4649 3755 4760; x_wconf 87' lang='lat' dir='ltr'><em>oppugnationes</em></span> <span class='ocrx_word' id='word_1_271' title='bbox 3821 4649 4114 4759; x_wconf 87' lang='lat' dir='ltr'><em>paratis</em></span> <span class='ocrx_word' id='word_1_272' title='bbox 4180 4676 4404 4729; x_wconf 87' lang='lat' dir='ltr'><em>com·</em></span> <span class='ocrx_word' id='word_1_273' title='bbox 4517 4681 4538 4695; x_wconf 83' lang='lat'><strong>·</strong></span> 
     </span>
     <span class='ocr_line' id='line_1_32' title="bbox 1033 4763 4403 4881; baseline -0 -34"><span class='ocrx_word' id='word_1_274' title='bbox 1033 4766 1485 4847; x_wconf 88' lang='lat' dir='ltr'><em>munimus.</em></span> <span class='ocrx_word' id='word_1_275' title='bbox 1549 4763 1941 4881; x_wconf 88' lang='lat' dir='ltr'><em>Cumque</em></span> <span class='ocrx_word' id='word_1_276' title='bbox 1990 4767 2316 4850; x_wconf 88' lang='lat' dir='ltr'><em>nullum</em></span> <span class='ocrx_word' id='word_1_277' title='bbox 2386 4764 2702 4851; x_wconf 83' lang='lat' dir='ltr'><em>firmius</em></span> <span class='ocrx_word' id='word_1_278' title='bbox 2753 4764 3250 4880; x_wconf 89' lang='lat' dir='ltr'><em>praesidium</em></span> <span class='ocrx_word' id='word_1_279' title='bbox 3287 4829 3309 4870; x_wconf 96' lang='lat'><em>,</em></span> <span class='ocrx_word' id='word_1_280' title='bbox 3394 4788 3535 4850; x_wconf 84' lang='lat' dir='ltr'><em>aut</em></span> <span class='ocrx_word' id='word_1_281' title='bbox 3589 4764 4047 4852; x_wconf 87' lang='lat' dir='ltr'><em>remedium</em></span> <span class='ocrx_word' id='word_1_282' title='bbox 4102 4769 4403 4852; x_wconf 88' lang='lat' dir='ltr'><em>certius</em></span> 
     </span>
     <span class='ocr_line' id='line_1_33' title="bbox 1036 4882 4405 5002; baseline 0 -35"><span class='ocrx_word' id='word_1_283' title='bbox 1036 4885 1387 4967; x_wconf 81' lang='lat' dir='ltr'><em>inveniri</em></span> <span class='ocrx_word' id='word_1_284' title='bbox 1441 4890 1731 4999; x_wconf 89' lang='lat' dir='ltr'><em>possit,</em></span> <span class='ocrx_word' id='word_1_285' title='bbox 1789 4916 2031 5001; x_wconf 88' lang='lat' dir='ltr'><em>quam</em></span> <span class='ocrx_word' id='word_1_286' title='bbox 2089 4909 2181 4970; x_wconf 90' lang='lat' dir='ltr'><em>ut</em></span> <span class='ocrx_word' id='word_1_287' title='bbox 2230 4886 2687 4996; x_wconf 88' lang='lat' dir='ltr'><em>Regionum</em></span> <span class='ocrx_word' id='word_1_288' title='bbox 2744 4886 2847 4970; x_wconf 88' lang='lat' dir='ltr'><em>ab</em></span> <span class='ocrx_word' id='word_1_289' title='bbox 2886 4882 3038 4970; x_wconf 87' lang='lat' dir='ltr'><em>hac</em></span> <span class='ocrx_word' id='word_1_290' title='bbox 3090 4909 3314 4998; x_wconf 90' lang='lat' dir='ltr'><em>peste</em></span> <span class='ocrx_word' id='word_1_291' title='bbox 3365 4917 3935 5000; x_wconf 80' lang='lat' dir='ltr'><em>oppressarum¹</em></span> <span class='ocrx_word' id='word_1_292' title='bbox 3985 4892 4405 5002; x_wconf 88' lang='lat' dir='ltr'><em>juventus,</em></span> 
     </span>
     <span class='ocr_line' id='line_1_34' title="bbox 1039 5004 4408 5119; baseline -0.001 -29"><span class='ocrx_word' id='word_1_293' title='bbox 1039 5009 1276 5119; x_wconf 91' lang='lat' dir='ltr'><em>cujus</em></span> <span class='ocrx_word' id='word_1_294' title='bbox 1331 5030 1649 5091; x_wconf 88' lang='lat' dir='ltr'><em>teneros</em></span> <span class='ocrx_word' id='word_1_295' title='bbox 1702 5009 2027 5090; x_wconf 89' lang='lat' dir='ltr'><em>animos</em></span> <span class='ocrx_word' id='word_1_296' title='bbox 2078 5005 2314 5091; x_wconf 81' lang='lat' dir='ltr'><em>facile</em></span> <span class='ocrx_word' id='word_1_297' title='bbox 2367 5031 2488 5090; x_wconf 86' lang='lat' dir='ltr'><em>est</em></span> <span class='ocrx_word' id='word_1_298' title='bbox 2537 5004 2641 5089; x_wconf 89' lang='lat' dir='ltr'><em>ad</em></span> <span class='ocrx_word' id='word_1_299' title='bbox 2702 5009 3092 5089; x_wconf 86' lang='lat' dir='ltr'><em>virtutem</em></span> <span class='ocrx_word' id='word_1_300' title='bbox 3149 5005 3533 5112; x_wconf 88' lang='lat' dir='ltr'><em>flectere,</em></span> <span class='ocrx_word' id='word_1_301' title='bbox 3569 5005 3994 5094; x_wconf 89' lang='lat' dir='ltr'><em>Catholica</em></span> <span class='ocrx_word' id='word_1_302' title='bbox 4053 5007 4408 5118; x_wconf 88' lang='lat' dir='ltr'><em>Religio·</em></span> 
     </span>
     <span class='ocr_line' id='line_1_35' title="bbox 1028 5123 4409 5243; baseline 0 -35"><span class='ocrx_word' id='word_1_303' title='bbox 1028 5127 1619 5243; x_wconf 32' lang='lat' dir='ltr'><em>,nejmbuatur</em></span> <span class='ocrx_word' id='word_1_304' title='bbox 1653 5190 1681 5230; x_wconf 86' lang='lat'><em>,</em></span> <span class='ocrx_word' id='word_1_305' title='bbox 1748 5127 1851 5210; x_wconf 88' lang='lat' dir='ltr'><em>ab</em></span> <span class='ocrx_word' id='word_1_306' title='bbox 1905 5129 2141 5210; x_wconf 86' lang='lat' dir='ltr'><em>initio</em></span> <span class='ocrx_word' id='word_1_307' title='bbox 2190 5158 2453 5242; x_wconf 86' lang='lat' dir='ltr'><em>usque</em></span> <span class='ocrx_word' id='word_1_308' title='bbox 2529 5129 2774 5208; x_wconf 85' lang='lat' dir='ltr'><em>nostri</em></span> <span class='ocrx_word' id='word_1_309' title='bbox 2830 5123 3367 5210; x_wconf 84' lang='lat' dir='ltr'><em>Pontificatus</em></span> <span class='ocrx_word' id='word_1_310' title='bbox 3419 5158 3747 5239; x_wconf 87' lang='lat' dir='ltr'><em>operam</em></span> <span class='ocrx_word' id='word_1_311' title='bbox 3802 5126 4185 5214; x_wconf 86' lang='lat' dir='ltr'><em>dedimus</em></span> <span class='ocrx_word' id='word_1_312' title='bbox 4223 5189 4247 5232; x_wconf 89' lang='lat'><em>,</em></span> <span class='ocrx_word' id='word_1_313' title='bbox 4318 5148 4409 5209; x_wconf 87' lang='lat' dir='ltr'><em>ut</em></span> 
     </span>
     <span class='ocr_line' id='line_1_36' title="bbox 1036 5242 4413 5358; baseline 0.001 -31"><span class='ocrx_word' id='word_1_314' title='bbox 1036 5242 1549 5330; x_wconf 89' lang='lat' dir='ltr'><em>diversorum</em></span> <span class='ocrx_word' id='word_1_315' title='bbox 1608 5251 2036 5331; x_wconf 89' lang='lat' dir='ltr'><em>nationum</em></span> <span class='ocrx_word' id='word_1_316' title='bbox 2092 5245 2520 5355; x_wconf 76' lang='lat' dir='ltr'><em>Collegia‘,</em></span> <span class='ocrx_word' id='word_1_317' title='bbox 2588 5246 2841 5330; x_wconf 83' lang='lat' dir='ltr'><em>veluti</em></span> <span class='ocrx_word' id='word_1_318' title='bbox 2923 5242 3402 5333; x_wconf 88' lang='lat' dir='ltr'><em>Catholicae</em></span> <span class='ocrx_word' id='word_1_319' title='bbox 3456 5246 3953 5358; x_wconf 84' lang='lat' dir='ltr'><em>Religionis,</em></span> <span class='ocrx_word' id='word_1_320' title='bbox 4022 5273 4103 5335; x_wconf 90' lang='lat' dir='ltr'><em>et</em></span> <span class='ocrx_word' id='word_1_321' title='bbox 4152 5252 4413 5334; x_wconf 87' lang='lat' dir='ltr'><em>since·</em></span> 
     </span>
    </p>
   </div>
   <div class='ocr_carea' id='block_1_7' title="bbox 1038 5363 4413 5598">
    <p class='ocr_par' dir='ltr' id='par_1_10' title="bbox 1038 5363 4413 5598">
     <span class='ocr_line' id='line_1_37' title="bbox 1039 5363 4413 5482; baseline 0.001 -33"><span class='ocrx_word' id='word_1_322' title='bbox 1039 5396 1174 5450; x_wconf 88' lang='lat' dir='ltr'><em>rae</em></span> <span class='ocrx_word' id='word_1_323' title='bbox 1242 5363 1345 5449; x_wconf 88' lang='lat' dir='ltr'><em>ad</em></span> <span class='ocrx_word' id='word_1_324' title='bbox 1398 5398 1576 5453; x_wconf 82' lang='lat' dir='ltr'><em>eam</em></span> <span class='ocrx_word' id='word_1_325' title='bbox 1645 5369 2180 5451; x_wconf 85' lang='lat' dir='ltr'><em>institutionis</em></span> <span class='ocrx_word' id='word_1_326' title='bbox 2265 5369 2689 5450; x_wconf 82' lang='lat' dir='ltr'><em>seminaria</em></span> <span class='ocrx_word' id='word_1_327' title='bbox 2740 5429 2764 5472; x_wconf 93' lang='lat'><em>,</em></span> <span class='ocrx_word' id='word_1_328' title='bbox 2837 5372 3130 5453; x_wconf 84' lang='lat' dir='ltr'><em>nostris</em></span> <span class='ocrx_word' id='word_1_329' title='bbox 3213 5369 3680 5482; x_wconf 88' lang='lat' dir='ltr'><em>sumptibus</em></span> <span class='ocrx_word' id='word_1_330' title='bbox 3775 5370 3859 5452; x_wconf 88' lang='lat' dir='ltr'><em>iu</em></span> <span class='ocrx_word' id='word_1_331' title='bbox 3940 5368 4175 5456; x_wconf 89' lang='lat' dir='ltr'><em>Urbe</em></span> <span class='ocrx_word' id='word_1_332' title='bbox 4259 5368 4413 5452; x_wconf 91' lang='lat' dir='ltr'><em>eri·</em></span> 
     </span>
     <span class='ocr_line' id='line_1_38' title="bbox 1038 5510 1450 5598; baseline -0.005 -27"><span class='ocrx_word' id='word_1_333' title='bbox 1038 5510 1450 5598; x_wconf 85' lang='lat' dir='ltr'><em>gerentur.</em></span> 
     </span>
    </p>
   </div>
   <div class='ocr_carea' id='block_1_8' title="bbox 663 5604 4414 5721">
    <p class='ocr_par' dir='ltr' id='par_1_11' title="bbox 663 5604 4414 5721">
     <span class='ocr_line' id='line_1_39' title="bbox 663 5604 4414 5721; baseline 0 -32"><span class='ocrx_word' id='word_1_334' title='bbox 663 5624 1010 5714; x_wconf 79' lang='lat' dir='ltr'><em>Gregorius</em></span> <span class='ocrx_word' id='word_1_335' title='bbox 1154 5609 1220 5705; x_wconf 81' lang='lat' dir='ltr'><em>S.</em></span> <span class='ocrx_word' id='word_1_336' title='bbox 1292 5642 1366 5693; x_wconf 85' lang='lat'><em>2.</em></span> <span class='ocrx_word' id='word_1_337' title='bbox 1424 5608 1664 5716; x_wconf 87' lang='lat' dir='ltr'><em>Quae</em></span> <span class='ocrx_word' id='word_1_338' title='bbox 1717 5610 2026 5695; x_wconf 82' lang='lat' dir='ltr'><em>interea</em></span> <span class='ocrx_word' id='word_1_339' title='bbox 2077 5605 2279 5694; x_wconf 89' lang='lat' dir='ltr'><em>dum</em></span> <span class='ocrx_word' id='word_1_340' title='bbox 2331 5604 2627 5693; x_wconf 89' lang='lat' dir='ltr'><em>sedulo</em></span> <span class='ocrx_word' id='word_1_341' title='bbox 2676 5610 3044 5720; x_wconf 88' lang='lat' dir='ltr'><em>agimus,</em></span> <span class='ocrx_word' id='word_1_342' title='bbox 3099 5606 3199 5694; x_wconf 90' lang='lat' dir='ltr'><em>ad</em></span> <span class='ocrx_word' id='word_1_343' title='bbox 3259 5609 3603 5720; x_wconf 84' lang='lat' dir='ltr'><em>Angliae</em></span> <span class='ocrx_word' id='word_1_344' title='bbox 3668 5609 4046 5721; x_wconf 87' lang='lat' dir='ltr'><em>Regnum</em></span> <span class='ocrx_word' id='word_1_345' title='bbox 4099 5608 4414 5720; x_wconf 85' lang='lat' dir='ltr'><em>magnis</em></span> 
     </span>
    </p>
   </div>
  </div>
 </body>
</html>
