<?xml version="1.0" encoding="UTF-8"?>
<!DOCTYPE html PUBLIC "-//W3C//DTD XHTML 1.0 Transitional//EN"
    "http://www.w3.org/TR/xhtml1/DTD/xhtml1-transitional.dtd">
<html xmlns="http://www.w3.org/1999/xhtml" xml:lang="en" lang="en">
 <head>
  <title>
</title>
<meta http-equiv="Content-Type" content="text/html;charset=utf-8" />
  <meta name='ocr-system' content='tesseract 3.04.00' />
  <meta name='ocr-capabilities' content='ocr_page ocr_carea ocr_par ocr_line ocrx_word'/>
</head>
<body>
  <div class='ocr_page' id='page_1' title='image "./bullariumpontif00fidegoog_0217.png"; bbox 0 0 4834 6409; ppageno 0'>
   <div class='ocr_carea' id='block_1_1' title="bbox 387 470 3784 1170">
    <p class='ocr_par' dir='ltr' id='par_1_1' title="bbox 390 470 3784 809">
     <span class='ocr_line' id='line_1_1' title="bbox 390 470 3776 688; baseline -0.004 -27"><span class='ocrx_word' id='word_1_1' title='bbox 390 572 592 688; x_wconf 87' lang='lat' dir='ltr'>Cap.</span> <span class='ocrx_word' id='word_1_2' title='bbox 630 546 787 682; x_wconf 57' lang='lat' dir='ltr'>,14ss</span> <span class='ocrx_word' id='word_1_3' title='bbox 852 565 1084 677; x_wconf 78' lang='lat' dir='ltr'>Dell’</span> <span class='ocrx_word' id='word_1_4' title='bbox 1116 562 1481 656; x_wconf 76' lang='lat' dir='ltr'>elezione</span> <span class='ocrx_word' id='word_1_5' title='bbox 1512 623 1540 672; x_wconf 88' lang='lat'>,</span> <span class='ocrx_word' id='word_1_6' title='bbox 1590 562 1702 654; x_wconf 83' lang='lat' dir='ltr'>ed</span> <span class='ocrx_word' id='word_1_7' title='bbox 1759 561 2051 680; x_wconf 73' lang='lat' dir='ltr'>tffzio</span> <span class='ocrx_word' id='word_1_8' title='bbox 2109 558 2253 650; x_wconf 81' lang='lat' dir='ltr'>del</span> <span class='ocrx_word' id='word_1_9' title='bbox 2298 546 2754 648; x_wconf 76' lang='lat' dir='ltr'>·Direttore</span> <span class='ocrx_word' id='word_1_10' title='bbox 2839 559 2935 649; x_wconf 81' lang='lat' dir='ltr'>di</span> <span class='ocrx_word' id='word_1_11' title='bbox 3005 494 3301 679; x_wconf 59' lang='lat' dir='ltr'>spirito</span> <span class='ocrx_word' id='word_1_12' title='bbox 3339 621 3363 664; x_wconf 95' lang='lat'>,</span> <span class='ocrx_word' id='word_1_13' title='bbox 3448 587 3495 642; x_wconf 85' lang='lat' dir='ltr'>e</span> <span class='ocrx_word' id='word_1_14' title='bbox 3543 470 3776 682; x_wconf 60' lang='grc' dir='ltr'>ᾱέἓῖἰ</span> 
     </span>
     <span class='ocr_line' id='line_1_2' title="bbox 510 686 3784 809; baseline -0.005 -33"><span class='ocrx_word' id='word_1_15' title='bbox 510 692 718 778; x_wconf 79' lang='lat' dir='ltr'>altri</span> <span class='ocrx_word' id='word_1_16' title='bbox 793 686 1210 809; x_wconf 82' lang='lat' dir='ltr'>Uffiziali.</span> <span class='ocrx_word' id='word_1_17' title='bbox 2188 780 2193 785; x_wconf 37' lang='grc'><strong>,</strong></span> <span class='ocrx_word' id='word_1_18' title='bbox 2400 738 2405 741; x_wconf 30' lang='lat' dir='ltr'>v</span> <span class='ocrx_word' id='word_1_19' title='bbox 3047 781 3082 809; x_wconf 29' lang='lat' dir='ltr'>N</span> <span class='ocrx_word' id='word_1_20' title='bbox 3203 690 3214 701; x_wconf 84' lang='grc'><strong>’</strong></span> <span class='ocrx_word' id='word_1_21' title='bbox 3323 702 3328 709; x_wconf 90' lang='grc'><em>·</em></span> <span class='ocrx_word' id='word_1_22' title='bbox 3769 696 3784 729; x_wconf 84' lang='lat'>&#39;-</span> 
     </span>
    </p>

    <p class='ocr_par' dir='ltr' id='par_1_2' title="bbox 387 800 3777 929">
     <span class='ocr_line' id='line_1_3' title="bbox 387 800 3777 929; baseline -0.005 -26"><span class='ocrx_word' id='word_1_23' title='bbox 387 812 594 929; x_wconf 90' lang='lat' dir='ltr'>Cap.</span> <span class='ocrx_word' id='word_1_24' title='bbox 660 813 788 903; x_wconf 83' lang='lat'>15.</span> <span class='ocrx_word' id='word_1_25' title='bbox 851 815 1112 897; x_wconf 84' lang='lat' dir='ltr'>Come</span> <span class='ocrx_word' id='word_1_26' title='bbox 1171 816 1251 898; x_wconf 82' lang='lat' dir='ltr'>si</span> <span class='ocrx_word' id='word_1_27' title='bbox 1322 807 1435 893; x_wconf 80' lang='grc' dir='ltr'>Ιιὰ</span> <span class='ocrx_word' id='word_1_28' title='bbox 1482 803 1597 896; x_wconf 83' lang='lat' dir='ltr'>da</span> <span class='ocrx_word' id='word_1_29' title='bbox 1664 800 2164 925; x_wconf 73' lang='lat' dir='ltr'>provveder-e</span> <span class='ocrx_word' id='word_1_30' title='bbox 2222 800 2561 923; x_wconf 81' lang='lat' dir='ltr'>quando</span> <span class='ocrx_word' id='word_1_31' title='bbox 2645 833 3082 891; x_wconf 68' lang='lat' dir='ltr'>mannasse</span> <span class='ocrx_word' id='word_1_32' title='bbox 3159 803 3463 890; x_wconf 77' lang='lat' dir='ltr'>alcano</span> <span class='ocrx_word' id='word_1_33' title='bbox 3544 800 3777 924; x_wconf 81' lang='lat' dir='ltr'><em>degli</em></span> 
     </span>
    </p>

    <p class='ocr_par' dir='ltr' id='par_1_3' title="bbox 390 931 3676 1170">
     <span class='ocr_line' id='line_1_4' title="bbox 390 931 3676 1170; baseline -0.004 -31"><span class='ocrx_word' id='word_1_34' title='bbox 390 931 1075 1170; x_wconf 50' lang='grc' dir='ltr'>Εαῖἶίξὲἶαῗεὶῐ</span> <span class='ocrx_word' id='word_1_35' title='bbox 1111 1054 1924 1154; x_wconf 75' lang='lat' dir='ltr'>amministrazione,</span> <span class='ocrx_word' id='word_1_36' title='bbox 1975 1076 2021 1130; x_wconf 87' lang='lat' dir='ltr'>e</span> <span class='ocrx_word' id='word_1_37' title='bbox 2068 1052 2702 1135; x_wconf 79' lang='lat' dir='ltr'>conservazione</span> <span class='ocrx_word' id='word_1_38' title='bbox 2749 1044 2892 1134; x_wconf 79' lang='lat' dir='ltr'>dei</span> <span class='ocrx_word' id='word_1_39' title='bbox 2939 1051 3131 1135; x_wconf 83' lang='lat' dir='ltr'>beni</span> <span class='ocrx_word' id='word_1_40' title='bbox 3177 1003 3676 1164; x_wconf 62' lang='lat' dir='ltr'>temporali..</span> 
     </span>
    </p>
   </div>
   <div class='ocr_carea' id='block_1_2' title="bbox 397 1173 1532 1297">
    <p class='ocr_par' dir='ltr' id='par_1_4' title="bbox 397 1173 1532 1297">
     <span class='ocr_line' id='line_1_5' title="bbox 397 1173 1532 1297; baseline -0.004 -37"><span class='ocrx_word' id='word_1_41' title='bbox 397 1173 602 1291; x_wconf 86' lang='lat' dir='ltr'>Cap.</span> <span class='ocrx_word' id='word_1_42' title='bbox 667 1198 799 1294; x_wconf 83' lang='lat'>17.</span> <span class='ocrx_word' id='word_1_43' title='bbox 855 1174 1084 1297; x_wconf 79' lang='lat' dir='ltr'>Dell&#39;</span> <span class='ocrx_word' id='word_1_44' title='bbox 1098 1173 1532 1260; x_wconf 72' lang='grc' dir='ltr'>ΑιτῘιίνιό.</span> 
     </span>
    </p>
   </div>
   <div class='ocr_carea' id='block_1_3' title="bbox 376 1404 4191 5508">
    <p class='ocr_par' dir='ltr' id='par_1_5' title="bbox 376 1404 4164 2733">
     <span class='ocr_line' id='line_1_6' title="bbox 512 1404 4159 1534; baseline -0.003 -33"><span class='ocrx_word' id='word_1_45' title='bbox 512 1423 583 1521; x_wconf 74' lang='lat'>§-</span> <span class='ocrx_word' id='word_1_46' title='bbox 652 1412 731 1500; x_wconf 83' lang='lat'>5.</span> <span class='ocrx_word' id='word_1_47' title='bbox 797 1414 1024 1503; x_wconf 88' lang='lat' dir='ltr'>Hinc</span> <span class='ocrx_word' id='word_1_48' title='bbox 1072 1439 1193 1503; x_wconf 88' lang='lat' dir='ltr'>est</span> <span class='ocrx_word' id='word_1_49' title='bbox 1241 1410 1469 1534; x_wconf 88' lang='lat' dir='ltr'>quod</span> <span class='ocrx_word' id='word_1_50' title='bbox 1523 1444 1670 1500; x_wconf 91' lang='lat' dir='ltr'>nos</span> <span class='ocrx_word' id='word_1_51' title='bbox 1719 1416 2065 1530; x_wconf 89' lang='lat' dir='ltr'>perenni</span> <span class='ocrx_word' id='word_1_52' title='bbox 2117 1415 2751 1526; x_wconf 83' lang='lat' dir='ltr'>praemissorum</span> <span class='ocrx_word' id='word_1_53' title='bbox 2802 1432 3092 1528; x_wconf 82' lang='lat' dir='ltr'><strong>utpote</strong></span> <span class='ocrx_word' id='word_1_54' title='bbox 3144 1409 3249 1498; x_wconf 89' lang='lat' dir='ltr'>ad</span> <span class='ocrx_word' id='word_1_55' title='bbox 3299 1411 3762 1497; x_wconf 89' lang='lat' dir='ltr'>animarum</span> <span class='ocrx_word' id='word_1_56' title='bbox 3903 1404 4159 1476; x_wconf 69' lang='lat' dir='ltr'>confir-</span> 
     </span>
     <span class='ocr_line' id='line_1_7' title="bbox 393 1515 4164 1660; baseline -0.001 -41"><span class='ocrx_word' id='word_1_57' title='bbox 393 1534 738 1621; x_wconf 85' lang='lat' dir='ltr'>salutem</span> <span class='ocrx_word' id='word_1_58' title='bbox 777 1598 802 1641; x_wconf 94' lang='lat'>,</span> <span class='ocrx_word' id='word_1_59' title='bbox 855 1533 1220 1654; x_wconf 88' lang='lat' dir='ltr'>fideique</span> <span class='ocrx_word' id='word_1_60' title='bbox 1271 1535 1753 1622; x_wconf 75' lang='lat' dir='ltr'>Catholicae</span> <span class='ocrx_word' id='word_1_61' title='bbox 1805 1536 2475 1651; x_wconf 82' lang='lat' dir='ltr'>propagationem</span> <span class='ocrx_word' id='word_1_62' title='bbox 2536 1529 3187 1649; x_wconf 76' lang='lat' dir='ltr'>promovendam</span> <span class='ocrx_word' id='word_1_63' title='bbox 3253 1526 3779 1617; x_wconf 85' lang='lat' dir='ltr'>laudabiliter</span> <span class='ocrx_word' id='word_1_64' title='bbox 3800 1515 4164 1660; x_wconf 47' lang='grc' dir='ltr'>ξζέἑῖἱθῗ</span> 
     </span>
     <span class='ocr_line' id='line_1_8' title="bbox 392 1651 3781 1773; baseline -0.001 -33"><span class='ocrx_word' id='word_1_65' title='bbox 392 1653 917 1743; x_wconf 76' lang='lat' dir='ltr'><strong>tendentium</strong></span> <span class='ocrx_word' id='word_1_66' title='bbox 972 1659 1312 1762; x_wconf 88' lang='lat' dir='ltr'>robori,</span> <span class='ocrx_word' id='word_1_67' title='bbox 1376 1678 1460 1743; x_wconf 87' lang='lat' dir='ltr'>et</span> <span class='ocrx_word' id='word_1_68' title='bbox 1522 1651 1935 1742; x_wconf 86' lang='lat' dir='ltr'>efficaciae</span> <span class='ocrx_word' id='word_1_69' title='bbox 1985 1675 2393 1773; x_wconf 88' lang='lat' dir='ltr'>quantum</span> <span class='ocrx_word' id='word_1_70' title='bbox 2446 1687 2639 1742; x_wconf 88' lang='lat' dir='ltr'>cum</span> <span class='ocrx_word' id='word_1_71' title='bbox 2690 1656 3056 1741; x_wconf 90' lang='lat' dir='ltr'>Domino</span> <span class='ocrx_word' id='word_1_72' title='bbox 3107 1682 3544 1767; x_wconf 87' lang='lat' dir='ltr'>possumus</span> <span class='ocrx_word' id='word_1_73' title='bbox 3593 1678 3781 1764; x_wconf 90' lang='lat' dir='ltr'>pro-</span> 
     </span>
     <span class='ocr_line' id='line_1_9' title="bbox 376 1768 3781 1893; baseline -0.001 -32"><span class='ocrx_word' id='word_1_74' title='bbox 376 1779 713 1889; x_wconf 78' lang='lat' dir='ltr'>spicere</span> <span class='ocrx_word' id='word_1_75' title='bbox 764 1778 1191 1893; x_wconf 89' lang='lat' dir='ltr'>cupientes</span> <span class='ocrx_word' id='word_1_76' title='bbox 1228 1839 1253 1884; x_wconf 90' lang='lat'>,</span> <span class='ocrx_word' id='word_1_77' title='bbox 1318 1774 1427 1865; x_wconf 92' lang='lat' dir='ltr'>de</span> <span class='ocrx_word' id='word_1_78' title='bbox 1482 1799 1982 1862; x_wconf 81' lang='lat' dir='ltr'>memoratae</span> <span class='ocrx_word' id='word_1_79' title='bbox 2044 1775 2728 1888; x_wconf 82' lang='lat' dir='ltr'>Congregationis</span> <span class='ocrx_word' id='word_1_80' title='bbox 2795 1773 3307 1890; x_wconf 86' lang='lat' dir='ltr'>particularis</span> <span class='ocrx_word' id='word_1_81' title='bbox 3377 1768 3781 1857; x_wconf 73' lang='lat' dir='ltr'>Car-dina·</span> 
     </span>
     <span class='ocr_line' id='line_1_10' title="bbox 395 1891 3780 2012; baseline -0.001 -31"><span class='ocrx_word' id='word_1_82' title='bbox 395 1895 609 1983; x_wconf 87' lang='lat' dir='ltr'>lium</span> <span class='ocrx_word' id='word_1_83' title='bbox 657 1929 905 2012; x_wconf 89' lang='lat' dir='ltr'>super</span> <span class='ocrx_word' id='word_1_84' title='bbox 956 1894 1204 1985; x_wconf 84' lang='lat' dir='ltr'>rebus</span> <span class='ocrx_word' id='word_1_85' title='bbox 1269 1899 1649 1984; x_wconf 86' lang='lat' dir='ltr'>Sinarum</span> <span class='ocrx_word' id='word_1_86' title='bbox 1683 1957 1706 2002; x_wconf 89' lang='lat'>,</span> <span class='ocrx_word' id='word_1_87' title='bbox 1773 1920 1867 1982; x_wconf 91' lang='lat' dir='ltr'>ut</span> <span class='ocrx_word' id='word_1_88' title='bbox 1916 1894 2373 2009; x_wconf 85' lang='lat' dir='ltr'>praefertur</span> <span class='ocrx_word' id='word_1_89' title='bbox 2409 1959 2434 2002; x_wconf 89' lang='lat'>,</span> <span class='ocrx_word' id='word_1_90' title='bbox 2500 1895 3085 2012; x_wconf 85' lang='lat' dir='ltr'>deputatorum</span> <span class='ocrx_word' id='word_1_91' title='bbox 3135 1892 3507 1979; x_wconf 86' lang='lat' dir='ltr'>Consilio</span> <span class='ocrx_word' id='word_1_92' title='bbox 3541 1954 3568 2000; x_wconf 89' lang='lat'>‚</span> <span class='ocrx_word' id='word_1_93' title='bbox 3625 1891 3780 1979; x_wconf 89' lang='lat' dir='ltr'>Re·</span> 
     </span>
     <span class='ocr_line' id='line_1_11' title="bbox 395 2016 3778 2132; baseline -0 -32"><span class='ocrx_word' id='word_1_94' title='bbox 395 2017 626 2127; x_wconf 86' lang='lat' dir='ltr'>gulas</span> <span class='ocrx_word' id='word_1_95' title='bbox 663 2079 688 2122; x_wconf 92' lang='lat'>,</span> <span class='ocrx_word' id='word_1_96' title='bbox 757 2049 850 2104; x_wconf 92' lang='lat' dir='ltr'>ac</span> <span class='ocrx_word' id='word_1_97' title='bbox 886 2016 1541 2105; x_wconf 87' lang='lat' dir='ltr'>Constitutiones</span> <span class='ocrx_word' id='word_1_98' title='bbox 1577 2018 2117 2132; x_wconf 85' lang='lat' dir='ltr'>praeinsertas</span> <span class='ocrx_word' id='word_1_99' title='bbox 2166 2020 2654 2106; x_wconf 89' lang='lat' dir='ltr'>auctoritate</span> <span class='ocrx_word' id='word_1_100' title='bbox 2692 2016 3164 2131; x_wconf 84' lang='lat' dir='ltr'>Apostolica</span> <span class='ocrx_word' id='word_1_101' title='bbox 3216 2035 3503 2101; x_wconf 86' lang='lat' dir='ltr'>tenore</span> <span class='ocrx_word' id='word_1_102' title='bbox 3551 2044 3778 2130; x_wconf 89' lang='lat' dir='ltr'>prae·</span> 
     </span>
     <span class='ocr_line' id='line_1_12' title="bbox 397 2132 3781 2257; baseline 0 -37"><span class='ocrx_word' id='word_1_103' title='bbox 397 2138 758 2222; x_wconf 90' lang='lat' dir='ltr'>sentium</span> <span class='ocrx_word' id='word_1_104' title='bbox 810 2138 1422 2253; x_wconf 81' lang='lat' dir='ltr'>approbamus,</span> <span class='ocrx_word' id='word_1_105' title='bbox 1488 2162 1572 2236; x_wconf 89' lang='lat' dir='ltr'>et</span> <span class='ocrx_word' id='word_1_106' title='bbox 1621 2135 2206 2224; x_wconf 88' lang='lat' dir='ltr'>confirmamus</span> <span class='ocrx_word' id='word_1_107' title='bbox 2241 2198 2266 2244; x_wconf 91' lang='lat'>,</span> <span class='ocrx_word' id='word_1_108' title='bbox 2334 2138 2665 2257; x_wconf 87' lang='lat' dir='ltr'>illisque</span> <span class='ocrx_word' id='word_1_109' title='bbox 2700 2132 3206 2227; x_wconf 87' lang='lat' dir='ltr'>inviolabilis</span> <span class='ocrx_word' id='word_1_110' title='bbox 3255 2135 3781 2250; x_wconf 89' lang='lat' dir='ltr'>Apostolicae</span> 
     </span>
     <span class='ocr_line' id='line_1_13' title="bbox 398 2250 3784 2378; baseline -0 -36"><span class='ocrx_word' id='word_1_111' title='bbox 398 2254 811 2345; x_wconf 88' lang='lat' dir='ltr'>firmitatis</span> <span class='ocrx_word' id='word_1_112' title='bbox 860 2262 1029 2347; x_wconf 87' lang='lat' dir='ltr'>vim</span> <span class='ocrx_word' id='word_1_113' title='bbox 1066 2323 1096 2365; x_wconf 87' lang='lat'>,</span> <span class='ocrx_word' id='word_1_114' title='bbox 1146 2283 1232 2346; x_wconf 88' lang='lat' dir='ltr'>et</span> <span class='ocrx_word' id='word_1_115' title='bbox 1282 2257 1536 2346; x_wconf 85' lang='lat' dir='ltr'>robur</span> <span class='ocrx_word' id='word_1_116' title='bbox 1595 2255 2026 2345; x_wconf 86' lang='lat' dir='ltr'>adiicimus</span> <span class='ocrx_word' id='word_1_117' title='bbox 2061 2323 2084 2364; x_wconf 89' lang='lat'>,</span> <span class='ocrx_word' id='word_1_118' title='bbox 2154 2289 2246 2344; x_wconf 91' lang='lat' dir='ltr'>ac</span> <span class='ocrx_word' id='word_1_119' title='bbox 2296 2288 2870 2378; x_wconf 86' lang='lat' dir='ltr'>quoscumque</span> <span class='ocrx_word' id='word_1_120' title='bbox 2929 2257 3186 2373; x_wconf 89' lang='lat' dir='ltr'>juris,</span> <span class='ocrx_word' id='word_1_121' title='bbox 3257 2276 3344 2341; x_wconf 89' lang='lat' dir='ltr'>et</span> <span class='ocrx_word' id='word_1_122' title='bbox 3391 2250 3589 2342; x_wconf 85' lang='lat' dir='ltr'>facti</span> <span class='ocrx_word' id='word_1_123' title='bbox 3639 2251 3784 2341; x_wconf 90' lang='lat' dir='ltr'>de·</span> 
     </span>
     <span class='ocr_line' id='line_1_14' title="bbox 399 2361 3783 2500; baseline -0.002 -35"><span class='ocrx_word' id='word_1_124' title='bbox 399 2374 728 2485; x_wconf 82' lang='lat' dir='ltr'>fectus,</span> <span class='ocrx_word' id='word_1_125' title='bbox 794 2381 858 2464; x_wconf 89' lang='lat' dir='ltr'>si</span> <span class='ocrx_word' id='word_1_126' title='bbox 925 2361 1067 2500; x_wconf 55' lang='lat' dir='ltr'>iqui</span> <span class='ocrx_word' id='word_1_127' title='bbox 1121 2376 1474 2495; x_wconf 82' lang='lat' dir='ltr'>desuper</span> <span class='ocrx_word' id='word_1_128' title='bbox 1556 2378 2189 2497; x_wconf 84' lang='lat' dir='ltr'>quomodolibet</span> <span class='ocrx_word' id='word_1_129' title='bbox 2268 2380 2871 2467; x_wconf 88' lang='lat' dir='ltr'>intervenerint</span> <span class='ocrx_word' id='word_1_130' title='bbox 2940 2376 3480 2492; x_wconf 82' lang='lat' dir='ltr'>supplemus3</span> <span class='ocrx_word' id='word_1_131' title='bbox 3561 2374 3783 2463; x_wconf 89' lang='lat' dir='ltr'>salva</span> 
     </span>
     <span class='ocr_line' id='line_1_15' title="bbox 400 2495 3786 2615; baseline -0.001 -32"><span class='ocrx_word' id='word_1_132' title='bbox 400 2519 678 2583; x_wconf 88' lang='lat' dir='ltr'>tamen</span> <span class='ocrx_word' id='word_1_133' title='bbox 746 2530 1068 2614; x_wconf 87' lang='lat' dir='ltr'>semper</span> <span class='ocrx_word' id='word_1_134' title='bbox 1117 2504 1202 2586; x_wconf 89' lang='lat' dir='ltr'>in</span> <span class='ocrx_word' id='word_1_135' title='bbox 1256 2501 1712 2615; x_wconf 82' lang='lat' dir='ltr'>praemissis</span> <span class='ocrx_word' id='word_1_136' title='bbox 1760 2505 2243 2587; x_wconf 87' lang='lat' dir='ltr'>auctoritate</span> <span class='ocrx_word' id='word_1_137' title='bbox 2290 2498 2809 2615; x_wconf 88' lang='lat' dir='ltr'>supradictae</span> <span class='ocrx_word' id='word_1_138' title='bbox 2862 2495 3547 2609; x_wconf 83' lang='lat' dir='ltr'>Congregationis</span> <span class='ocrx_word' id='word_1_139' title='bbox 3600 2526 3786 2609; x_wconf 89' lang='lat' dir='ltr'>par·</span> 
     </span>
     <span class='ocr_line' id='line_1_16' title="bbox 407 2618 3386 2709; baseline 0.002 -8"><span class='ocrx_word' id='word_1_140' title='bbox 407 2618 783 2709; x_wconf 65' lang='lat' dir='ltr'>ticularis.</span> <span class='ocrx_word' id='word_1_141' title='bbox 825 2619 1425 2707; x_wconf 89' lang='lat' dir='ltr'>Cardinalium.</span> <span class='ocrx_word' id='word_1_142' title='bbox 3231 2652 3236 2655; x_wconf 82' lang='lat'>·</span> <span class='ocrx_word' id='word_1_143' title='bbox 3379 2676 3386 2683; x_wconf 94' lang='lat'><strong>·</strong></span> 
     </span>
    </p>

    <p class='ocr_par' dir='ltr' id='par_1_6' title="bbox 400 2734 4174 3908">
     <span class='ocr_line' id='line_1_17' title="bbox 516 2734 4174 2854; baseline 0 -34"><span class='ocrx_word' id='word_1_144' title='bbox 516 2739 583 2838; x_wconf 72' lang='lat' dir='ltr'>S.</span> <span class='ocrx_word' id='word_1_145' title='bbox 649 2744 735 2827; x_wconf 88' lang='lat'>6.</span> <span class='ocrx_word' id='word_1_146' title='bbox 788 2740 1356 2828; x_wconf 87' lang='lat' dir='ltr'>Decernentes</span> <span class='ocrx_word' id='word_1_147' title='bbox 1406 2734 1738 2825; x_wconf 89' lang='lat' dir='ltr'>easdem</span> <span class='ocrx_word' id='word_1_148' title='bbox 1786 2760 2252 2854; x_wconf 87' lang='lat' dir='ltr'>praesentes</span> <span class='ocrx_word' id='word_1_149' title='bbox 2303 2739 2578 2824; x_wconf 88' lang='lat' dir='ltr'>literas</span> <span class='ocrx_word' id='word_1_150' title='bbox 2613 2800 2643 2843; x_wconf 87' lang='lat'>,</span> <span class='ocrx_word' id='word_1_151' title='bbox 2708 2768 2803 2824; x_wconf 92' lang='lat' dir='ltr'>ac</span> <span class='ocrx_word' id='word_1_152' title='bbox 2853 2735 3257 2849; x_wconf 86' lang='lat' dir='ltr'>Regulas,</span> <span class='ocrx_word' id='word_1_153' title='bbox 3323 2758 3408 2825; x_wconf 91' lang='lat' dir='ltr'>et</span> <span class='ocrx_word' id='word_1_154' title='bbox 3456 2734 3786 2821; x_wconf 88' lang='lat' dir='ltr'>Consti·</span> <span class='ocrx_word' id='word_1_155' title='bbox 3807 2743 3935 2850; x_wconf 71' lang='lat' dir='ltr'>Qui</span> <span class='ocrx_word' id='word_1_156' title='bbox 3982 2743 4174 2814; x_wconf 76' lang='lat' dir='ltr'>hasco</span> 
     </span>
     <span class='ocr_line' id='line_1_18' title="bbox 400 2836 4118 2993; baseline 0 -51"><span class='ocrx_word' id='word_1_157' title='bbox 400 2861 765 2948; x_wconf 80' lang='lat' dir='ltr'>tutiones</span> <span class='ocrx_word' id='word_1_158' title='bbox 814 2858 1297 2975; x_wconf 85' lang='lat' dir='ltr'>hujusmodi</span> <span class='ocrx_word' id='word_1_159' title='bbox 1351 2880 1754 2975; x_wconf 87' lang='lat' dir='ltr'>perpetuo</span> <span class='ocrx_word' id='word_1_160' title='bbox 1827 2857 2104 2947; x_wconf 89' lang='lat' dir='ltr'>firmas</span> <span class='ocrx_word' id='word_1_161' title='bbox 2140 2921 2164 2966; x_wconf 89' lang='lat'>,</span> <span class='ocrx_word' id='word_1_162' title='bbox 2220 2858 2532 2950; x_wconf 83' lang='lat' dir='ltr'>validas</span> <span class='ocrx_word' id='word_1_163' title='bbox 2567 2923 2593 2965; x_wconf 91' lang='lat'>,</span> <span class='ocrx_word' id='word_1_164' title='bbox 2659 2880 2744 2945; x_wconf 89' lang='lat' dir='ltr'>et</span> <span class='ocrx_word' id='word_1_165' title='bbox 2792 2855 3172 2948; x_wconf 85' lang='lat' dir='ltr'>efficaces</span> <span class='ocrx_word' id='word_1_166' title='bbox 3234 2862 3574 2946; x_wconf 86' lang='lat' dir='ltr'>existere</span> <span class='ocrx_word' id='word_1_167' title='bbox 3609 2920 3635 2964; x_wconf 89' lang='lat'>,</span> <span class='ocrx_word' id='word_1_168' title='bbox 3703 2878 3787 2943; x_wconf 91' lang='lat' dir='ltr'>et</span> <span class='ocrx_word' id='word_1_169' title='bbox 3810 2836 4118 2993; x_wconf 52' lang='lat' dir='ltr'>¹¹22¹52⁸m0</span> 
     </span>
     <span class='ocr_line' id='line_1_19' title="bbox 404 2950 4119 3098; baseline 0.001 -37"><span class='ocrx_word' id='word_1_170' title='bbox 404 2975 641 3080; x_wconf 82' lang='lat' dir='ltr'>fore,</span> <span class='ocrx_word' id='word_1_171' title='bbox 700 3009 1059 3098; x_wconf 84' lang='lat' dir='ltr'>suosque</span> <span class='ocrx_word' id='word_1_172' title='bbox 1130 2980 1596 3095; x_wconf 87' lang='lat' dir='ltr'>plenarios,</span> <span class='ocrx_word' id='word_1_173' title='bbox 1663 3002 1748 3066; x_wconf 82' lang='lat' dir='ltr'>et</span> <span class='ocrx_word' id='word_1_174' title='bbox 1795 2981 2155 3092; x_wconf 83' lang='lat' dir='ltr'>integros</span> <span class='ocrx_word' id='word_1_175' title='bbox 2233 2978 2582 3068; x_wconf 86' lang='lat' dir='ltr'>effectus</span> <span class='ocrx_word' id='word_1_176' title='bbox 2658 2981 2984 3085; x_wconf 89' lang='lat' dir='ltr'>sortiri,</span> <span class='ocrx_word' id='word_1_177' title='bbox 3050 3005 3137 3068; x_wconf 90' lang='lat' dir='ltr'>et</span> <span class='ocrx_word' id='word_1_178' title='bbox 3199 2981 3636 3086; x_wconf 90' lang='lat' dir='ltr'>obtinere,</span> <span class='ocrx_word' id='word_1_179' title='bbox 3691 3007 3787 3063; x_wconf 89' lang='lat' dir='ltr'>ac</span> <span class='ocrx_word' id='word_1_180' title='bbox 3810 2950 4119 3087; x_wconf 51' lang='lat' dir='ltr'>galiiuras</span> 
     </span>
     <span class='ocr_line' id='line_1_20' title="bbox 410 3095 4173 3221; baseline -0.001 -41"><span class='ocrx_word' id='word_1_181' title='bbox 410 3096 572 3180; x_wconf 90' lang='lat' dir='ltr'>illis</span> <span class='ocrx_word' id='word_1_182' title='bbox 621 3095 727 3182; x_wconf 90' lang='lat' dir='ltr'>ad</span> <span class='ocrx_word' id='word_1_183' title='bbox 780 3128 988 3217; x_wconf 88' lang='lat' dir='ltr'>qnos</span> <span class='ocrx_word' id='word_1_184' title='bbox 1028 3121 1400 3214; x_wconf 82' lang='lat' dir='ltr'>spectat,</span> <span class='ocrx_word' id='word_1_185' title='bbox 1469 3123 1554 3188; x_wconf 89' lang='lat' dir='ltr'>et</span> <span class='ocrx_word' id='word_1_186' title='bbox 1601 3131 1753 3215; x_wconf 90' lang='lat' dir='ltr'>pro</span> <span class='ocrx_word' id='word_1_187' title='bbox 1816 3123 2184 3215; x_wconf 88' lang='lat' dir='ltr'>tempore</span> <span class='ocrx_word' id='word_1_188' title='bbox 2234 3097 2945 3221; x_wconf 83' lang='lat' dir='ltr'>quandocumque</span> <span class='ocrx_word' id='word_1_189' title='bbox 2991 3102 3401 3217; x_wconf 84' lang='lat' dir='ltr'>spectabit</span> <span class='ocrx_word' id='word_1_190' title='bbox 3460 3102 3549 3185; x_wconf 90' lang='lat' dir='ltr'>in</span> <span class='ocrx_word' id='word_1_191' title='bbox 3611 3129 3779 3184; x_wconf 85' lang='lat' dir='ltr'>om·</span> <span class='ocrx_word' id='word_1_192' title='bbox 3808 3110 4173 3219; x_wconf 63' lang='lat' dir='ltr'>essedecer-</span> 
     </span>
     <span class='ocr_line' id='line_1_21' title="bbox 409 3215 3923 3336; baseline 0.001 -34"><span class='ocrx_word' id='word_1_193' title='bbox 409 3215 661 3302; x_wconf 88' lang='lat' dir='ltr'>nibus</span> <span class='ocrx_word' id='word_1_194' title='bbox 734 3241 818 3305; x_wconf 90' lang='lat' dir='ltr'>et</span> <span class='ocrx_word' id='word_1_195' title='bbox 868 3250 1015 3334; x_wconf 90' lang='lat' dir='ltr'>per</span> <span class='ocrx_word' id='word_1_196' title='bbox 1074 3221 1350 3306; x_wconf 89' lang='lat' dir='ltr'>omnia</span> <span class='ocrx_word' id='word_1_197' title='bbox 1404 3220 1871 3336; x_wconf 81' lang='lat' dir='ltr'>plenissime</span> <span class='ocrx_word' id='word_1_198' title='bbox 1919 3216 2347 3335; x_wconf 84' lang='lat' dir='ltr'>suffragari</span> <span class='ocrx_word' id='word_1_199' title='bbox 2382 3284 2412 3326; x_wconf 88' lang='lat'>,</span> <span class='ocrx_word' id='word_1_200' title='bbox 2464 3244 2550 3308; x_wconf 90' lang='lat' dir='ltr'>et</span> <span class='ocrx_word' id='word_1_201' title='bbox 2597 3221 2704 3307; x_wconf 91' lang='lat' dir='ltr'>ab</span> <span class='ocrx_word' id='word_1_202' title='bbox 2779 3225 2895 3306; x_wconf 89' lang='lat' dir='ltr'>eis</span> <span class='ocrx_word' id='word_1_203' title='bbox 2945 3226 3399 3334; x_wconf 84' lang='lat' dir='ltr'>respective</span> <span class='ocrx_word' id='word_1_204' title='bbox 3448 3220 3791 3309; x_wconf 81' lang='lat' dir='ltr'>invIola·</span> <span class='ocrx_word' id='word_1_205' title='bbox 3812 3218 3923 3270; x_wconf 61' lang='grc' dir='ltr'>ω·</span> 
     </span>
     <span class='ocr_line' id='line_1_22' title="bbox 408 3336 3794 3461; baseline 0.001 -39"><span class='ocrx_word' id='word_1_206' title='bbox 408 3336 691 3422; x_wconf 87' lang='lat' dir='ltr'>biliter</span> <span class='ocrx_word' id='word_1_207' title='bbox 758 3338 1212 3451; x_wconf 82' lang='lat' dir='ltr'>observari3</span> <span class='ocrx_word' id='word_1_208' title='bbox 1274 3342 1560 3461; x_wconf 87' lang='lat' dir='ltr'>sicque</span> <span class='ocrx_word' id='word_1_209' title='bbox 1609 3342 1694 3427; x_wconf 90' lang='lat' dir='ltr'>in</span> <span class='ocrx_word' id='word_1_210' title='bbox 1748 3344 2402 3455; x_wconf 67' lang='lat' dir='ltr'>praemissis-per</span> <span class='ocrx_word' id='word_1_211' title='bbox 2450 3371 3028 3459; x_wconf 89' lang='lat' dir='ltr'>quoscumque</span> <span class='ocrx_word' id='word_1_212' title='bbox 3071 3340 3125 3427; x_wconf 84' lang='lat' dir='ltr'>J</span> <span class='ocrx_word' id='word_1_213' title='bbox 3131 3341 3413 3430; x_wconf 87' lang='lat' dir='ltr'>udices</span> <span class='ocrx_word' id='word_1_214' title='bbox 3462 3339 3794 3427; x_wconf 89' lang='lat' dir='ltr'>ordina·-</span> 
     </span>
     <span class='ocr_line' id='line_1_23' title="bbox 410 3457 3792 3578; baseline 0.001 -35"><span class='ocrx_word' id='word_1_215' title='bbox 410 3460 640 3562; x_wconf 86' lang='lat' dir='ltr'>rios,</span> <span class='ocrx_word' id='word_1_216' title='bbox 703 3482 789 3544; x_wconf 88' lang='lat' dir='ltr'>et</span> <span class='ocrx_word' id='word_1_217' title='bbox 835 3457 1250 3573; x_wconf 82' lang='lat' dir='ltr'>delegatos</span> <span class='ocrx_word' id='word_1_218' title='bbox 1311 3464 1556 3549; x_wconf 87' lang='lat' dir='ltr'>etiam</span> <span class='ocrx_word' id='word_1_219' title='bbox 1609 3460 2070 3548; x_wconf 87' lang='lat' dir='ltr'>Causarum</span> <span class='ocrx_word' id='word_1_220' title='bbox 2141 3462 2429 3549; x_wconf 87' lang='lat' dir='ltr'>Palatii</span> <span class='ocrx_word' id='word_1_221' title='bbox 2486 3463 2938 3575; x_wconf 83' lang='lat' dir='ltr'>Apostolici</span> <span class='ocrx_word' id='word_1_222' title='bbox 3007 3462 3502 3570; x_wconf 88' lang='lat' dir='ltr'>Auditores,</span> <span class='ocrx_word' id='word_1_223' title='bbox 3570 3459 3792 3578; x_wconf 86' lang='lat' dir='ltr'>judi-</span> 
     </span>
     <span class='ocr_line' id='line_1_24' title="bbox 408 3577 3794 3701; baseline 0 -36"><span class='ocrx_word' id='word_1_224' title='bbox 408 3578 575 3675; x_wconf 74' lang='lat' dir='ltr'>cari</span> <span class='ocrx_word' id='word_1_225' title='bbox 606 3642 636 3682; x_wconf 89' lang='lat'>,</span> <span class='ocrx_word' id='word_1_226' title='bbox 697 3603 780 3665; x_wconf 93' lang='lat' dir='ltr'>et</span> <span class='ocrx_word' id='word_1_227' title='bbox 830 3577 1179 3668; x_wconf 87' lang='lat' dir='ltr'>diffiniri</span> <span class='ocrx_word' id='word_1_228' title='bbox 1225 3581 1533 3670; x_wconf 89' lang='lat' dir='ltr'>debere</span> <span class='ocrx_word' id='word_1_229' title='bbox 1577 3642 1604 3689; x_wconf 90' lang='lat'>,</span> <span class='ocrx_word' id='word_1_230' title='bbox 1672 3613 1768 3669; x_wconf 91' lang='lat' dir='ltr'>ac</span> <span class='ocrx_word' id='word_1_231' title='bbox 1817 3585 2195 3689; x_wconf 87' lang='lat' dir='ltr'>irritum,</span> <span class='ocrx_word' id='word_1_232' title='bbox 2262 3607 2346 3671; x_wconf 91' lang='lat' dir='ltr'>et</span> <span class='ocrx_word' id='word_1_233' title='bbox 2422 3584 2671 3669; x_wconf 90' lang='lat' dir='ltr'>inane</span> <span class='ocrx_word' id='word_1_234' title='bbox 2746 3578 3164 3701; x_wconf 88' lang='lat' dir='ltr'>quidquid</span> <span class='ocrx_word' id='word_1_235' title='bbox 3234 3615 3470 3671; x_wconf 89' lang='lat' dir='ltr'>secus</span> <span class='ocrx_word' id='word_1_236' title='bbox 3545 3612 3794 3696; x_wconf 90' lang='lat' dir='ltr'>super</span> 
     </span>
     <span class='ocr_line' id='line_1_25' title="bbox 407 3697 3793 3824; baseline 0.002 -42"><span class='ocrx_word' id='word_1_237' title='bbox 407 3697 538 3784; x_wconf 89' lang='lat' dir='ltr'>his</span> <span class='ocrx_word' id='word_1_238' title='bbox 587 3730 632 3783; x_wconf 89' lang='lat' dir='ltr'>a</span> <span class='ocrx_word' id='word_1_239' title='bbox 685 3704 1113 3824; x_wconf 82' lang='lat' dir='ltr'>quoquam&#39;</span> <span class='ocrx_word' id='word_1_240' title='bbox 1159 3706 1448 3823; x_wconf 86' lang='lat' dir='ltr'>quavis</span> <span class='ocrx_word' id='word_1_241' title='bbox 1493 3704 1981 3791; x_wconf 84' lang='lat' dir='ltr'>auctoritate</span> <span class='ocrx_word' id='word_1_242' title='bbox 2016 3706 2370 3791; x_wconf 86' lang='lat' dir='ltr'>scienter</span> <span class='ocrx_word' id='word_1_243' title='bbox 2404 3766 2431 3812; x_wconf 92' lang='lat'>,</span> <span class='ocrx_word' id='word_1_244' title='bbox 2479 3703 2617 3792; x_wconf 82' lang='lat' dir='ltr'>vel</span> <span class='ocrx_word' id='word_1_245' title='bbox 2665 3704 3135 3814; x_wconf 83' lang='lat' dir='ltr'>ignoranter</span> <span class='ocrx_word' id='word_1_246' title='bbox 3183 3705 3627 3819; x_wconf 86' lang='lat' dir='ltr'>contigerit</span> <span class='ocrx_word' id='word_1_247' title='bbox 3673 3724 3793 3788; x_wconf 89' lang='lat' dir='ltr'>at-</span> 
     </span>
     <span class='ocr_line' id='line_1_26' title="bbox 414 3842 1493 3908; baseline 0.001 -3"><span class='ocrx_word' id='word_1_248' title='bbox 414 3842 745 3908; x_wconf 77' lang='lat' dir='ltr'>tentari.</span> <span class='ocrx_word' id='word_1_249' title='bbox 1391 3863 1403 3874; x_wconf 93' lang='lat'><strong>·</strong></span> <span class='ocrx_word' id='word_1_250' title='bbox 1486 3866 1493 3873; x_wconf 96' lang='lat'>·</span> 
     </span>
    </p>

    <p class='ocr_par' dir='ltr' id='par_1_7' title="bbox 416 3940 4182 5269">
     <span class='ocr_line' id='line_1_27' title="bbox 532 3940 4182 4061; baseline -0.001 -36"><span class='ocrx_word' id='word_1_251' title='bbox 532 3940 598 4041; x_wconf 76' lang='lat'>§-</span> <span class='ocrx_word' id='word_1_252' title='bbox 671 3973 748 4057; x_wconf 87' lang='lat'>7.</span> <span class='ocrx_word' id='word_1_253' title='bbox 815 3941 1004 4031; x_wconf 91' lang='lat' dir='ltr'>Non</span> <span class='ocrx_word' id='word_1_254' title='bbox 1059 3946 1410 4032; x_wconf 86' lang='lat' dir='ltr'>obstant.</span> <span class='ocrx_word' id='word_1_255' title='bbox 1464 3943 2221 4034; x_wconf 88' lang='lat' dir='ltr'>Constitutionibus</span> <span class='ocrx_word' id='word_1_256' title='bbox 2254 4011 2284 4050; x_wconf 87' lang='lat'>,</span> <span class='ocrx_word' id='word_1_257' title='bbox 2348 3967 2433 4032; x_wconf 88' lang='lat' dir='ltr'>et</span> <span class='ocrx_word' id='word_1_258' title='bbox 2484 3941 3175 4033; x_wconf 79' lang='lat' dir='ltr'>ordinationibus</span> <span class='ocrx_word' id='word_1_259' title='bbox 3229 3945 3724 4061; x_wconf 88' lang='lat' dir='ltr'>Apostolicis</span> <span class='ocrx_word' id='word_1_260' title='bbox 3765 4006 3790 4051; x_wconf 91' lang='lat'>,</span> <span class='ocrx_word' id='word_1_261' title='bbox 3857 3956 4182 4039; x_wconf 73' lang='lat' dir='ltr'>obstanti-</span> 
     </span>
     <span class='ocr_line' id='line_1_28' title="bbox 416 4048 4181 4209; baseline 0.001 -65"><span class='ocrx_word' id='word_1_262' title='bbox 416 4090 744 4146; x_wconf 89' lang='lat' dir='ltr'>necnon</span> <span class='ocrx_word' id='word_1_263' title='bbox 798 4088 1208 4180; x_wconf 87' lang='lat' dir='ltr'>quatenus</span> <span class='ocrx_word' id='word_1_264' title='bbox 1257 4098 1463 4180; x_wconf 90' lang='lat' dir='ltr'>opus</span> <span class='ocrx_word' id='word_1_265' title='bbox 1513 4071 1619 4157; x_wconf 90' lang='lat' dir='ltr'>sit</span> <span class='ocrx_word' id='word_1_266' title='bbox 1669 4070 1921 4181; x_wconf 86' lang='lat' dir='ltr'>ipsius</span> <span class='ocrx_word' id='word_1_267' title='bbox 1970 4064 2652 4179; x_wconf 84' lang='lat' dir='ltr'>Congregationis</span> <span class='ocrx_word' id='word_1_268' title='bbox 2701 4067 3380 4181; x_wconf 86' lang='lat' dir='ltr'>Presbyterorum</span> <span class='ocrx_word' id='word_1_269' title='bbox 3434 4065 3793 4153; x_wconf 87' lang='lat' dir='ltr'>saecula·</span> <span class='ocrx_word' id='word_1_270' title='bbox 3818 4051 3941 4209; x_wconf 50' lang='lat'>¹⁰¹¹?</span> <span class='ocrx_word' id='word_1_271' title='bbox 3990 4048 4181 4116; x_wconf 83' lang='lat' dir='ltr'>dero-</span> 
     </span>
     <span class='ocr_line' id='line_1_29' title="bbox 419 4166 3943 4303; baseline 0.002 -41"><span class='ocrx_word' id='word_1_272' title='bbox 419 4181 636 4264; x_wconf 91' lang='lat' dir='ltr'>rium</span> <span class='ocrx_word' id='word_1_273' title='bbox 672 4243 697 4286; x_wconf 93' lang='lat'>,</span> <span class='ocrx_word' id='word_1_274' title='bbox 752 4212 892 4267; x_wconf 89' lang='lat' dir='ltr'>seu</span> <span class='ocrx_word' id='word_1_275' title='bbox 948 4182 1295 4296; x_wconf 87' lang='lat' dir='ltr'>Collegii</span> <span class='ocrx_word' id='word_1_276' title='bbox 1326 4248 1352 4292; x_wconf 90' lang='lat'>,</span> <span class='ocrx_word' id='word_1_277' title='bbox 1394 4186 1675 4272; x_wconf 85' lang='lat' dir='ltr'>aliisve</span> <span class='ocrx_word' id='word_1_278' title='bbox 1726 4187 2157 4303; x_wconf 84' lang='lat' dir='ltr'>quibusvis</span> <span class='ocrx_word' id='word_1_279' title='bbox 2190 4250 2215 4293; x_wconf 93' lang='lat'>,</span> <span class='ocrx_word' id='word_1_280' title='bbox 2284 4189 2535 4274; x_wconf 89' lang='lat' dir='ltr'>etiam</span> <span class='ocrx_word' id='word_1_281' title='bbox 2601 4190 3070 4301; x_wconf 87' lang='lat' dir='ltr'>juramento</span> <span class='ocrx_word' id='word_1_282' title='bbox 3101 4250 3127 4294; x_wconf 90' lang='lat'>,</span> <span class='ocrx_word' id='word_1_283' title='bbox 3168 4185 3794 4274; x_wconf 88' lang='lat' dir='ltr'>confirmatione</span> <span class='ocrx_word' id='word_1_284' title='bbox 3818 4166 3943 4231; x_wconf 50' lang='grc' dir='ltr'>’ὅθ’</span> 
     </span>
     <span class='ocr_line' id='line_1_30' title="bbox 417 4300 3788 4422; baseline 0.001 -39"><span class='ocrx_word' id='word_1_285' title='bbox 417 4300 890 4419; x_wconf 88' lang='lat' dir='ltr'>Apostolica</span> <span class='ocrx_word' id='word_1_286' title='bbox 920 4366 950 4407; x_wconf 88' lang='lat'>,</span> <span class='ocrx_word' id='word_1_287' title='bbox 1012 4302 1149 4389; x_wconf 84' lang='lat' dir='ltr'>vel</span> <span class='ocrx_word' id='word_1_288' title='bbox 1197 4308 1487 4422; x_wconf 88' lang='lat' dir='ltr'>quavis</span> <span class='ocrx_word' id='word_1_289' title='bbox 1536 4304 1922 4391; x_wconf 86' lang='lat' dir='ltr'>firmitate</span> <span class='ocrx_word' id='word_1_290' title='bbox 1999 4306 2152 4393; x_wconf 89' lang='lat' dir='ltr'>alia</span> <span class='ocrx_word' id='word_1_291' title='bbox 2219 4306 2619 4393; x_wconf 88' lang='lat' dir='ltr'>roboratis</span> <span class='ocrx_word' id='word_1_292' title='bbox 2669 4310 3044 4415; x_wconf 86' lang='lat' dir='ltr'>statutis,</span> <span class='ocrx_word' id='word_1_293' title='bbox 3114 4332 3198 4395; x_wconf 88' lang='lat' dir='ltr'>et</span> <span class='ocrx_word' id='word_1_294' title='bbox 3262 4305 3788 4394; x_wconf 76' lang='lat' dir='ltr'>consuetudi·</span> 
     </span>
     <span class='ocr_line' id='line_1_31' title="bbox 421 4421 3789 4549; baseline 0.002 -44"><span class='ocrx_word' id='word_1_295' title='bbox 421 4421 670 4507; x_wconf 85' lang='lat' dir='ltr'>nibus</span> <span class='ocrx_word' id='word_1_296' title='bbox 718 4482 745 4528; x_wconf 93' lang='lat'>,</span> <span class='ocrx_word' id='word_1_297' title='bbox 810 4422 1383 4510; x_wconf 87' lang='lat' dir='ltr'>stabilimentis</span> <span class='ocrx_word' id='word_1_298' title='bbox 1411 4488 1440 4528; x_wconf 88' lang='lat'>,</span> <span class='ocrx_word' id='word_1_299' title='bbox 1504 4425 1843 4531; x_wconf 86' lang='lat' dir='ltr'>usibus,</span> <span class='ocrx_word' id='word_1_300' title='bbox 1899 4450 1980 4511; x_wconf 89' lang='lat' dir='ltr'>et</span> <span class='ocrx_word' id='word_1_301' title='bbox 2033 4431 2343 4513; x_wconf 89' lang='lat' dir='ltr'>naturis</span> <span class='ocrx_word' id='word_1_302' title='bbox 2380 4489 2405 4533; x_wconf 95' lang='lat'>,</span> <span class='ocrx_word' id='word_1_303' title='bbox 2474 4428 2921 4540; x_wconf 85' lang='lat' dir='ltr'>privilegiis</span> <span class='ocrx_word' id='word_1_304' title='bbox 2974 4459 3360 4549; x_wconf 92' lang='lat' dir='ltr'>quoque,</span> <span class='ocrx_word' id='word_1_305' title='bbox 3416 4424 3789 4533; x_wconf 87' lang='lat' dir='ltr'>indultis,</span> 
     </span>
     <span class='ocr_line' id='line_1_32' title="bbox 417 4541 3798 4665; baseline 0.003 -40"><span class='ocrx_word' id='word_1_306' title='bbox 417 4564 501 4627; x_wconf 90' lang='lat' dir='ltr'>et</span> <span class='ocrx_word' id='word_1_307' title='bbox 554 4541 807 4629; x_wconf 89' lang='lat' dir='ltr'>literis</span> <span class='ocrx_word' id='word_1_308' title='bbox 860 4546 1351 4659; x_wconf 87' lang='lat' dir='ltr'>Apostolicis</span> <span class='ocrx_word' id='word_1_309' title='bbox 1413 4548 1501 4632; x_wconf 85' lang='lat' dir='ltr'>in</span> <span class='ocrx_word' id='word_1_310' title='bbox 1553 4550 2054 4632; x_wconf 88' lang='lat' dir='ltr'>contrarium</span> <span class='ocrx_word' id='word_1_311' title='bbox 2094 4553 2721 4660; x_wconf 88' lang='lat' dir='ltr'>praemissorum</span> <span class='ocrx_word' id='word_1_312' title='bbox 2770 4546 3403 4665; x_wconf 87' lang='lat' dir='ltr'>quomodolibet</span> <span class='ocrx_word' id='word_1_313' title='bbox 3465 4578 3798 4637; x_wconf 88' lang='lat' dir='ltr'>conces-</span> 
     </span>
     <span class='ocr_line' id='line_1_33' title="bbox 416 4660 3796 4783; baseline 0.003 -37"><span class='ocrx_word' id='word_1_314' title='bbox 416 4664 581 4766; x_wconf 85' lang='lat' dir='ltr'>sis,</span> <span class='ocrx_word' id='word_1_315' title='bbox 643 4660 1200 4772; x_wconf 85' lang='lat' dir='ltr'>confirmatis,</span> <span class='ocrx_word' id='word_1_316' title='bbox 1249 4688 1337 4752; x_wconf 88' lang='lat' dir='ltr'>et</span> <span class='ocrx_word' id='word_1_317' title='bbox 1387 4668 1824 4753; x_wconf 88' lang='lat' dir='ltr'>innovatis.</span> <span class='ocrx_word' id='word_1_318' title='bbox 1879 4667 2213 4776; x_wconf 85' lang='lat' dir='ltr'>Quibus</span> <span class='ocrx_word' id='word_1_319' title='bbox 2264 4670 2653 4754; x_wconf 88' lang='lat' dir='ltr'>omnibus</span> <span class='ocrx_word' id='word_1_320' title='bbox 2689 4731 2713 4775; x_wconf 93' lang='lat'>,</span> <span class='ocrx_word' id='word_1_321' title='bbox 2766 4691 2852 4755; x_wconf 89' lang='lat' dir='ltr'>et</span> <span class='ocrx_word' id='word_1_322' title='bbox 2904 4672 3245 4783; x_wconf 82' lang='lat' dir='ltr'>singulis</span> <span class='ocrx_word' id='word_1_323' title='bbox 3294 4670 3628 4756; x_wconf 89' lang='lat' dir='ltr'>illorum</span> <span class='ocrx_word' id='word_1_324' title='bbox 3680 4693 3796 4757; x_wconf 89' lang='lat' dir='ltr'>te·</span> 
     </span>
     <span class='ocr_line' id='line_1_34' title="bbox 421 4785 3797 4904; baseline 0.002 -38"><span class='ocrx_word' id='word_1_325' title='bbox 421 4813 663 4898; x_wconf 84' lang='lat' dir='ltr'>nores</span> <span class='ocrx_word' id='word_1_326' title='bbox 697 4847 723 4891; x_wconf 89' lang='lat'>,</span> <span class='ocrx_word' id='word_1_327' title='bbox 790 4789 1358 4900; x_wconf 88' lang='lat' dir='ltr'>praesentibus</span> <span class='ocrx_word' id='word_1_328' title='bbox 1409 4819 1558 4901; x_wconf 87' lang='lat' dir='ltr'>pro</span> <span class='ocrx_word' id='word_1_329' title='bbox 1632 4787 1879 4904; x_wconf 89' lang='lat' dir='ltr'>plene</span> <span class='ocrx_word' id='word_1_330' title='bbox 1913 4851 1936 4894; x_wconf 92' lang='lat'>,</span> <span class='ocrx_word' id='word_1_331' title='bbox 1994 4815 2077 4875; x_wconf 87' lang='lat' dir='ltr'>et</span> <span class='ocrx_word' id='word_1_332' title='bbox 2125 4785 2636 4877; x_wconf 80' lang='lat' dir='ltr'>sufficienter</span> <span class='ocrx_word' id='word_1_333' title='bbox 2685 4794 3129 4902; x_wconf 80' lang='lat' dir='ltr'>expressis,</span> <span class='ocrx_word' id='word_1_334' title='bbox 3195 4822 3289 4877; x_wconf 90' lang='lat' dir='ltr'>ac</span> <span class='ocrx_word' id='word_1_335' title='bbox 3356 4789 3461 4878; x_wconf 89' lang='lat' dir='ltr'>de</span> <span class='ocrx_word' id='word_1_336' title='bbox 3537 4791 3797 4877; x_wconf 84' lang='lat' dir='ltr'>verbo</span> 
     </span>
     <span class='ocr_line' id='line_1_35' title="bbox 424 4901 3796 5027; baseline 0.003 -43"><span class='ocrx_word' id='word_1_337' title='bbox 424 4901 532 4986; x_wconf 91' lang='lat' dir='ltr'>ad</span> <span class='ocrx_word' id='word_1_338' title='bbox 586 4904 933 4992; x_wconf 86' lang='lat' dir='ltr'>verbum</span> <span class='ocrx_word' id='word_1_339' title='bbox 990 4909 1313 4994; x_wconf 89' lang='lat' dir='ltr'>insertis</span> <span class='ocrx_word' id='word_1_340' title='bbox 1361 4906 1805 5017; x_wconf 83' lang='lat' dir='ltr'>habentes,</span> <span class='ocrx_word' id='word_1_341' title='bbox 1873 4910 2033 4995; x_wconf 89' lang='lat' dir='ltr'>illis</span> <span class='ocrx_word' id='word_1_342' title='bbox 2100 4911 2294 4995; x_wconf 87' lang='lat' dir='ltr'>alias</span> <span class='ocrx_word' id='word_1_343' title='bbox 2347 4913 2428 4995; x_wconf 91' lang='lat' dir='ltr'>in</span> <span class='ocrx_word' id='word_1_344' title='bbox 2483 4939 2633 4994; x_wconf 89' lang='lat' dir='ltr'>suo</span> <span class='ocrx_word' id='word_1_345' title='bbox 2687 4908 2980 4999; x_wconf 89' lang='lat' dir='ltr'>robore</span> <span class='ocrx_word' id='word_1_346' title='bbox 3041 4912 3621 5027; x_wconf 87' lang='lat' dir='ltr'>permansuris,</span> <span class='ocrx_word' id='word_1_347' title='bbox 3687 4908 3796 4995; x_wconf 88' lang='lat' dir='ltr'>ad</span> 
     </span>
     <span class='ocr_line' id='line_1_36' title="bbox 421 5026 3799 5148; baseline 0.003 -42"><span class='ocrx_word' id='word_1_348' title='bbox 421 5027 1054 5134; x_wconf 88' lang='lat' dir='ltr'>praemissorum</span> <span class='ocrx_word' id='word_1_349' title='bbox 1104 5026 1498 5114; x_wconf 84' lang='lat' dir='ltr'>effectum</span> <span class='ocrx_word' id='word_1_350' title='bbox 1568 5027 1721 5116; x_wconf 91' lang='lat' dir='ltr'>hac</span> <span class='ocrx_word' id='word_1_351' title='bbox 1782 5032 1968 5117; x_wconf 85' lang='lat' dir='ltr'>vice</span> <span class='ocrx_word' id='word_1_352' title='bbox 2034 5026 2461 5133; x_wconf 79' lang='lat' dir='ltr'>dumtaxat</span> <span class='ocrx_word' id='word_1_353' title='bbox 2525 5031 3041 5144; x_wconf 85' lang='lat' dir='ltr'>specialiter,</span> <span class='ocrx_word' id='word_1_354' title='bbox 3104 5055 3190 5121; x_wconf 91' lang='lat' dir='ltr'>et</span> <span class='ocrx_word' id='word_1_355' title='bbox 3238 5061 3608 5148; x_wconf 85' lang='lat' dir='ltr'>expresse</span> <span class='ocrx_word' id='word_1_356' title='bbox 3656 5027 3799 5116; x_wconf 86' lang='lat' dir='ltr'>de-</span> 
     </span>
     <span class='ocr_line' id='line_1_37' title="bbox 423 5150 3772 5269; baseline 0.002 -43"><span class='ocrx_word' id='word_1_357' title='bbox 423 5172 807 5254; x_wconf 84' lang='lat' dir='ltr'>rogamus</span> <span class='ocrx_word' id='word_1_358' title='bbox 845 5208 868 5249; x_wconf 92' lang='lat'>,</span> <span class='ocrx_word' id='word_1_359' title='bbox 925 5151 1385 5266; x_wconf 86' lang='lat' dir='ltr'>ceterisque</span> <span class='ocrx_word' id='word_1_360' title='bbox 1432 5151 1860 5235; x_wconf 87' lang='lat' dir='ltr'>contrariis</span> <span class='ocrx_word' id='word_1_361' title='bbox 1908 5150 2606 5269; x_wconf 89' lang='lat' dir='ltr'>quibuscumque.</span> <span class='ocrx_word' id='word_1_362' title='bbox 3767 5226 3772 5233; x_wconf 93' lang='lat'><em>.</em></span> 
     </span>
    </p>

    <p class='ocr_par' dir='ltr' id='par_1_8' title="bbox 425 5259 4191 5508">
     <span class='ocr_line' id='line_1_38' title="bbox 540 5259 4190 5420; baseline 0.003 -75"><span class='ocrx_word' id='word_1_363' title='bbox 540 5273 615 5370; x_wconf 82' lang='lat'>§.</span> <span class='ocrx_word' id='word_1_364' title='bbox 682 5262 790 5381; x_wconf 23' lang='grc'>8.·</span> <span class='ocrx_word' id='word_1_365' title='bbox 831 5264 1241 5352; x_wconf 89' lang='lat' dir='ltr'>Volumus</span> <span class='ocrx_word' id='word_1_366' title='bbox 1293 5290 1564 5354; x_wconf 88' lang='lat' dir='ltr'>autem</span> <span class='ocrx_word' id='word_1_367' title='bbox 1620 5292 1719 5354; x_wconf 86' lang='lat' dir='ltr'>ut</span> <span class='ocrx_word' id='word_1_368' title='bbox 1762 5264 2856 5384; x_wconf 86' lang='lat' dir='ltr'>earumdem-praesentium</span> <span class='ocrx_word' id='word_1_369' title='bbox 2918 5276 3339 5361; x_wconf 85' lang='lat' dir='ltr'>literarum</span> <span class='ocrx_word' id='word_1_370' title='bbox 3390 5296 3797 5359; x_wconf 85' lang='lat' dir='ltr'>transum-</span> <span class='ocrx_word' id='word_1_371' title='bbox 3847 5259 4190 5420; x_wconf 46' lang='lat' dir='ltr'>Tf⁸⁰⁸¹¹¹¹t¹¹ss</span> 
     </span>
     <span class='ocr_line' id='line_1_39' title="bbox 425 5365 4191 5508; baseline 0.003 -41"><span class='ocrx_word' id='word_1_372' title='bbox 425 5385 528 5468; x_wconf 88' lang='lat' dir='ltr'>tis</span> <span class='ocrx_word' id='word_1_373' title='bbox 576 5382 726 5472; x_wconf 89' lang='lat' dir='ltr'>seu</span> <span class='ocrx_word' id='word_1_374' title='bbox 774 5388 1192 5501; x_wconf 84' lang='lat' dir='ltr'>exemplis,</span> <span class='ocrx_word' id='word_1_375' title='bbox 1247 5390 1492 5476; x_wconf 80' lang='lat' dir='ltr'>etiam</span> <span class='ocrx_word' id='word_1_376' title='bbox 1546 5391 1978 5503; x_wconf 86' lang='lat' dir='ltr'>impressis,</span> <span class='ocrx_word' id='word_1_377' title='bbox 2032 5421 2286 5479; x_wconf 87' lang='lat' dir='ltr'>manu</span> <span class='ocrx_word' id='word_1_378' title='bbox 2340 5392 2708 5507; x_wconf 83' lang='lat' dir='ltr'>alicujus,</span> <span class='ocrx_word' id='word_1_379' title='bbox 2744 5396 3058 5482; x_wconf 88' lang='lat' dir='ltr'>Notarii</span> <span class='ocrx_word' id='word_1_380' title='bbox 3115 5396 3427 5508; x_wconf 85' lang='lat' dir='ltr'>publici</span> <span class='ocrx_word' id='word_1_381' title='bbox 3483 5365 3956 5480; x_wconf 65' lang='lat' dir='ltr'>suberi-1²²¹·</span> <span class='ocrx_word' id='word_1_382' title='bbox 4018 5374 4122 5419; x_wconf 56' lang='grc' dir='ltr'>οη</span> <span class='ocrx_word' id='word_1_383' title='bbox 4169 5379 4191 5419; x_wconf 85' lang='lat'><strong>¹</strong></span> 
     </span>
    </p>
   </div>
   <div class='ocr_carea' id='block_1_4' title="bbox 428 5444 4026 5631">
    <p class='ocr_par' dir='ltr' id='par_1_9' title="bbox 428 5444 4026 5631">
     <span class='ocr_line' id='line_1_40' title="bbox 428 5444 4026 5631; baseline 0.002 -37"><span class='ocrx_word' id='word_1_384' title='bbox 428 5508 647 5618; x_wconf 82' lang='lat' dir='ltr'>ptis,</span> <span class='ocrx_word' id='word_1_385' title='bbox 714 5532 799 5601; x_wconf 84' lang='lat' dir='ltr'>et</span> <span class='ocrx_word' id='word_1_386' title='bbox 850 5508 1137 5625; x_wconf 78' lang='lat' dir='ltr'>sigillo</span> <span class='ocrx_word' id='word_1_387' title='bbox 1186 5540 1583 5631; x_wconf 86' lang='lat' dir='ltr'>personae</span> <span class='ocrx_word' id='word_1_388' title='bbox 1633 5514 1719 5598; x_wconf 87' lang='lat' dir='ltr'>in</span> <span class='ocrx_word' id='word_1_389' title='bbox 1769 5507 2171 5627; x_wconf 80' lang='lat' dir='ltr'>dignitate</span> <span class='ocrx_word' id='word_1_390' title='bbox 2219 5511 2794 5606; x_wconf 85' lang='lat' dir='ltr'>Ecclesiastica</span> <span class='ocrx_word' id='word_1_391' title='bbox 2846 5519 3338 5607; x_wconf 84' lang='lat' dir='ltr'>constitutae</span> <span class='ocrx_word' id='word_1_392' title='bbox 3397 5516 3796 5627; x_wconf 87' lang='lat' dir='ltr'>munitis,</span> <span class='ocrx_word' id='word_1_393' title='bbox 3834 5444 4026 5531; x_wconf 57' lang='lat' dir='ltr'>‚ubet</span> 
     </span>
    </p>
   </div>
  </div>
 </body>
</html>
