4834 6409
1044 414 1168 519 44

1044 528 1463 616 erroribus
1542 522 1912 617 faventes
1980 527 2320 643 Spiritui
2395 526 2732 616 Gratiae
2799 528 3389 648 contumeliam
3471 525 3812 617 faciunt.
3880 527 4135 640 Quod
4208 557 4410 620 vero

1046 649 1219 734 Nos
1284 646 1390 735 de
1441 647 1945 734 Pusillorum
2028 645 2415 735 scandalo
2490 648 2849 735 solicitos
2920 649 3378 765 plurimum
3426 650 3889 756 excruciat,
3941 649 4152 737 illud
4228 675 4404 758 est,

1049 765 1278 882 quod
1327 765 1533 852 dum·
1596 769 1973 887 plerique
2021 797 2309 856 eorum
2360 767 2565 856 baec
2614 764 2983 875 faciunt,
3058 770 3197 858 vel
3256 771 3787 858 consentiunt
3832 766 4327 857 facientibus
4375 831 4406 877 ‚

1047 885 1323 973 adhuc
1372 889 1739 1000 specioso
1787 884 2156 1009 quodam
2212 891 2662 975 ementitae
2760 890 3211 976 severitatis
3268 892 3579 975 amictu
3635 918 3724 975 se
3805 911 4331 1001 contegentes
4379 951 4407 994 ,

1046 1004 1454 1119 rigidioris
1522 1003 1947 1094 doctrinae
2022 1006 2363 1119 gloriam
2442 1028 2767 1121 captare
2843 1038 3012 1094 non
3079 1030 3448 1114 cessant,
3528 1006 4252 1128 instituendaeque
4320 1009 4411 1094 in

1044 1126 1345 1213 melius
1403 1123 2068 1213 Christianorum
2115 1130 2337 1213 vitae
2372 1190 2399 1235 ,
2490 1147 2574 1214 et
2634 1122 2741 1212 ad
2824 1158 3198 1216 normam
3263 1127 3700 1239 Evangelii
3786 1123 4413 1244 componendae

1050 1246 1323 1333 zelum
1375 1243 1813 1356 magnifice
1861 1268 2300 1332 ostentant.

678 1355 1025 1424 'U‘oeflffl-
1162 1360 1229 1465 S.
1291 1365 1374 1451 3.
1441 1363 1725 1471 Quare
1773 1363 1950 1450 Nos
1997 1367 2536 1481 perniciosam
2622 1366 2864 1453 banc·
2908 1367 3218 1455 larvam
3270 1425 3298 1472 ‚
3362 1395 3582 1485 quae
3626 1364 4060 1452 animabus
4109 1367 4410 1480 pretio·

663 1468 1364 1608 fwsissimo
1417 1481 1727 1569 Christi
1786 1487 2186 1597 sanguine
2252 1482 2700 1600 redemptis·
2757 1508 3074 1574 certum
3141 1517 3428 1600 parare
3479 1509 3747 1600 posset
3795 1488 4135 1571 exitium
4169 1548 4202 1589 ,
4263 1497 4407 1599 pa·

700 1561 763 1627 Ψ
1048 1604 1214 1690 lam
1264 1599 1757 1710 detrahere,
1832 1626 2181 1716 urgente
2242 1602 2428 1688 Nos-
2483 1606 2940 1721 Apostolici
3023 1599 3462 1691 Ministerii
3529 1602 3814 1690 debito
3868 1665 3893 1709 ‚
3963 1604 4406 1715 volentes;

1047 1724 1264 1838 ipsos
1291 1725 1654 1837 primum
1703 1724 2175 1811 aberrantes
2222 1722 2549 1810 Fratres
2581 1789 2610 1830 ,
2675 1741 2773 1809 ut
2821 1725 3016 1810 alias
3065 1753 3305 1836 saepe
3355 1725 3740 1839 privatim
3793 1721 4137 1808 fecimus
4171 1786 4196 1828 ,
4245 1755 4405 1837 pu-

1046 1843 1270 1931 blice
1317 1838 1622 1946 modo,
1701 1865 1785 1929 et
1834 1874 2112 1930 coram
2175 1847 2558 1930 universa
2610 1843 2981 1931 Ecclesia
3027 1845 3388 1928 monitos
3449 1839 3858 1945 facimus,
3925 1874 4027 1928 ne
4076 1842 4231 1927 sibi
4285 1842 4414 1926 ul-

1048 1964 1305 2050 terius
1356 1958 1469 2046 de
1510 1960 1709 2048 falsa
1793 1965 2218 2049 exactioris
2294 1961 2776 2078 disciplinae
2845 1961 3062 2048 fama
3129 1959 3677 2046 blandiantur
3705 1996 3740 2072 3.
3808 1960 3937 2048 Ne
4001 1992 4110 2048 ue
4175 1962 4402 2048 enim

1045 2112 1244 2168 -vera
1301 2083 1567 2167 virtus
1625 2081 1937 2200 absque
1998 2083 2465 2169 humilitate
2503 2147 2538 2186 ,
2627 2087 2883 2197 pietas
2951 2067 3272 2199 absq'ne
3327 2078 3804 2167 obedientia
3855 2103 3920 2186 ,s
4022 2081 4416 2167 hristiana

1050 2198 1391 2288 demum
1441 2198 1839 2311 perfectio
1885 2203 2195 2320 absque
2245 2201 2645 2288 charitate
2715 2224 2986 2315 potest
3033 2202 3495 2286 consistere.
3552 2201 3809 2285 Porro
3864 2229 4087 2318 quae
4135 2198 4413 2302 humiv·

1049 2293 1289 2425 litas,
1351 2349 1676 2405 sensum
1735 2325 2158 2436 proprium
2208 2324 2632 2406 communi
2705 2322 3086 2406 Fratrum
3153 2322 3661 2426 sententiae,
3726 2321 3929 2440 quin
3986 2381 4009 2424 ‚
4092 2343 4174 2404 et
4241 2320 4414 2403 Su·

1045 2467 1381 2552 premae
1428 2437 1659 2527 Beati
1712 2440 1938 2526 Petri
1985 2438 2452 2526 Catbedrae
2518 2437 2836 2554 judicio
2884 2439 3296 2525 obstinate
3354 2436 3834 2554 praeferre?
3911 2439 4153 2546 Quae
4205 2437 4425 2526 'obe-

1047 2553 1361 2644 dientia
1411 2560 1909 2674 Apostolicis
1956 2557 2587 2647 definitionibus
2640 2560 3088 2645 reluctari?
3165 2557 3416 2666 Quae
3457 2554 3792 2645 tandem
3843 2556 4242 2665 charitaS,
4294 2559 4420 2643 in·

1044 2679 1283 2791 juriis
1319 2739 1344 2783 ‚
1397 2701 1482 2765 et
1530 2678 2057 2766 contumeliis
2105 2708 2344 2790 agere
2378 2740 2409 2783 ,
2493 2681 2650 2763 iras
2690 2742 2714 2785 ,
2781 2685 2985 2763 rixas
3021 2705 3060 2780 j.
3131 2699 3215 2763 et
3264 2679 3836 2764 contentiones
3887 2677 4205 2796 ubique
4253 2674 4416 2762 dis-

1045 2800 1523 2885 seminare?
1586 2798 2064 2909 Agnoscant
2114 2801 2406 2910 igitur,
2487 2796 2775 2882 Divini
2848 2798 3183 2881 lumin-is
3235 2795 3685 2883 irradiante
3735 2794 4121 2909 fulg-ore,
4164 2826 4420 2913 quam

1046 2915 1445 3024 gravibus
1514 2946 1786 3000 coram
1856 2916 2043 3002 Deo
2078 2977 2103 3020 ‚
2173 2936 2258 3002 et
2304 2915 2680 3001 Ecclesia
2744 2915 3106 3001 reatibus
3140 2979 3174 3020 ,
3254 2938 3343 3001 et
3400 2916 3796 3030 periculis
3847 2916 4416 3003 involvantur..

1043 3032 1586 3120 Meminerint
1646 3036 2042 3147 scriptum
2097 3065 2270 3121 esse
2305 3093 2333 3140 ‚
2406 3032 2638 3152 quod
2701 3037 2934 3152 quasi
3000 3057 3432 3148 peccatum
3483 3032 3878 3121 ariolandi
3932 3055 4054 3121 est
4087 3098 4116 3139 ,
4169 3066 4413 3150 repu-

1047 3180 1350 3262 gnare,
1406 3176 1489 3238 et
1551 3156 1780 3271 quasi
1833 3153 2100 3240 scelus
2166 3152 2691 3240 Idololatriae
2739 3178 2864 3239 cst
2938 3154 3168 3240 nolle
3235 3156 3780 3271 acquiescere}
3855 3152 4414 3268 Omnipoten-

1050 3271 1150 3354 tis
1197 3269 1416 3378 Dei,
1470 3277 1614 3392 qui
1662 3274 2040 3387 superbis
2088 3275 2386 3361 resistit
2417 3337 2456 3378 ,
2520 3270 3114 3380 tremendum,
3158 3296 3242 3359 et
3305 3276 3747 3360 imminens
3797 3273 3954 3358 sibi
4003 3270 4414 3388 judicium

1043 3385 1443 3495 timeant,
1509 3392 2109 3514 Ecclesiaeque
2180 3422 2478 3507 pacem
2560 3392 2806 3476 simul
2858 3453 2893 3498 ,
2959 3413 3043 3478 et
3115 3390 3663 3508 Reipublicae
3729 3392 4413 3508 tranquillitatem

659 3533 757 3600 Ut
788 3532 1023 3600 obtem-
1042 3510 1526 3621 perturbare
1597 3508 1935 3598 tandem
2017 3508 2466 3630 aliquando
2531 3508 2958 3598 desistant.
3040 3509 3432 3628 Reliquos
3516 3507 3822 3597 deinde
3882 3510 4064 3597 Vos
4121 3541 4410 3599 omnes

660 3638 952 3729 perantes
1043 3656 1190 3741 per
1254 3628 1771 3717 Universum
1817 3630 2267 3718 Terrarum·
2341 3629 2660 3718 Orbem
2712 3619 3244 3745 Apostoli-eae
3300 3626 3539 3715 Fidei
3618 3628 4004 3717 Cultores
4069 3653 4409 3743 paterne

659 3715 1019 3873 fflffiffi?
1048 3743 1589 3835 admonemus
1618 3810 1643 3854 ‚
1710 3752 2271 3867 requirimus,
2339 3771 2427 3835 et
2475 3747 2984 3835 obtestamur
3018 3803 3058 3854 5
3124 3769 3222 3833 ut
3270 3745 3376 3834 ad
3425 3778 3570 3835 eos
3600 3811 3625 3855 ‚
3691 3751 3836 3866 qni
3904 3753 4253 3837 veniunt
4303 3744 4410 3834 ad

668 3909 957 3966 cuam,
1045 3865 1223 3951 Vos
1264 3867 1346 3952 in
1401 3872 1914 3955 vestimentis
1972 3871 2259 3956 ovium
2293 3930 2324 3974 ,
2403 3868 2664 3982 probe
2749 3863 3409 3977 dignoscendos,
3495 3870 4027 3954 certissimam
4108 3869 4342 3954 illam·
4372 3930 4410 3972 ,r

1047 4016 1297 4102 quam
1347 3984 1831 4093 Dominus,
1892 4018 1994 4074 ac
2040 3989 2409 4074 Salvator
2458 3986 2766 4073 Noster·
2813 3985 3083 4072 Nobis
3142 3987 3530 4103 reliquit,
3597 3988 3964 4098 regulam
4019 3983 4406 4072 adhibea-

1043 4109 1148 4189 tis
1186 4165 1211 4208 ‚
1273 4104 1723 4192 videlicet:
1795 4108 1867 4191 A
1923 4104 2335 4192 fructibus
2383 4136 2673 4191 eorum
2724 4106 3229 4217 cognoscetis
3277 4135 3438 4192 cos.
3519 4104 3695 4213 Qui
3757 4130 4029 4193 autem
4082 4103 4400 4191 fructus

1044 4225 1189 4307 isti
1229 4226 1392 4309 sint
1428 4288 1463 4330 ,.
1522 4256 1618 4311 ex
1668 4255 1961 4311 eornm
1998 4288 2023 4332 ‚
2104 4228 2245 4342 qui
2297 4223 2894 4310 Constitutioni
2945 4223 3292 4313 Nostrae
3341 4255 3515 4311 sese
3565 4224 4056 4311 submittere
4102 4255 4401 4310 renue·-

1048 4365 1324 4445 runt,
1394 4346 1909 4430 contumacia
1976 4347 2549 4457 prevenientes
2589 4406 2614 4450 ‚
2685 4345 2832 4429 toti
2910 4346 3085 4459 jam
3144 4374 3358 4459 pene
3442 4341 3922 4431 Christiano·
3990 4343 4204 4427 Orbi
4276 4345 4399 4428 ni-

1045 4463 1309 4544 mium
1364 4467 1765 4575 perspecti
1809 4487 2005 4549 sunt
2040 4527 2075 4570 ,
2130 4486 2213 4550 et
2271 4461 2680 4550 manifesti
2714 4497 2742 4573 3·
2792 4461 2926 4548 De
2975 4463 3144 4547 illis
3188 4482 3620 4580 propterea·
3662 4524 3692 4568 ‚
3743 4495 3849 4549 ne
3900 4461 4404 4550 acerbissimi

1042 4576 1369 4663 doloris
1420 4585 1679 4667 nostri
1722 4583 2097 4668 vulnera
2132 4580 2663 4686 refricemus,
2724 4581 3119 4697 prolixius
3176 4581 3457 4698 eloqui
3507 4581 3876 4667 libenter
3913 4581 4402 4667 absistimus.

1046 4697 1335 4784 Nolite
1373 4729 1626 4812 erge,
1695 4701 1890 4786 Filii
1939 4698 2445 4789 dilectissimi
2499 4763 2530 4808 ,
2589 4701 2944 4817 Vosque·
3092 4701 3556 4805 tissimum,
3610 4702 3760 4816 qui
3813 4724 3901 4786 ut
3954 4701 4196 4807 loco,
4253 4703 4360 4785 ita
4376 4763 4420 4803 ,.

1047 4840 1133 4903 et
1179 4820 1554 4931 periculo·
1597 4823 1886 4935 propin
1956 4822 2225 4908 uiores
2291 4824 2482 4907 estis
2518 4881 2543 4924 ‚
2613 4820 2874 4905 nolite
2929 4729 3147 4904 effici
3211 4818 3644 4932 participes
3710 4850 4004 4904 eorum
4045 4883 4073 4923 ‚
4155 4820 4409 4906 nolite

1048 4939 1283 5020 omxnzi
1357 4939 1680 5052 spiritui
1759 4852 2152 5044 credere,
2219 4937 2618 5024 doctrinis
2683 4938 2923 5024 variis
2960 4997 2985 5041 ‚
3049 4959 3132 5022 et
3180 4939 3625 5051 peregrinis
3704 4939 3959 5025 nolite
4021 4936 4339 5025 abduci
4379 5001 4421 5042 ‚.

1042 5053 1189 5141 sed
1244 5086 1523 5141 sanam
1561 5117 1599 5162 a
1648 5081 1734 5144 et
1783 5056 2362 5146 orthodoxam
2446 5059 2791 5144 San-ctae
2855 5053 3280 5143 Roma-nae
3344 5055 3786 5144 Ecclesiae·
3843 5057 4347 5145 Doctrinam·
4381 5121 4424 5166 r

1048 5205 1270 5291 quae
1310 5206 1641 5262 sacrum
1697 5174 1945 5263 Fidei:
1988 5175 2466 5294 depositum
2548 5180 3068 5264 intemerate·
3104 5196 3437 5282 servat,
3500 5199 3684 5264 tuto
3759 5178 4262 5296 sequimini,
4325 5199 4412 5263 et

954 5309 963 5314 ’
1046 5294 1391 5382 firmiter
1454 5293 1899 5382 custodite.
1928 5297 2101 5383 Nos
2153 5329 2349 5387 vero
2377 5360 2410 5405 r
2456 5327 2674 5418 quos
2716 5297 3010 5382 ceteris
3056 5296 3248 5387 zelo
3293 5294 3621 5382 Domus
3665 5295 3825 5383 Dei
3883 5327 4056 5383 non
4097 5300 4416 5403 mi⁷nus‘,.

1020 5443 1303 5532 -quarn
1346 5414 1779 5528 nignitate
1854 5419 2180 5530 praeire
2218 5439 2541 5533 oportet
2575 5480 2608 5525 5
2666 5436 2764 5501 ut
2838 5415 3414 5526 ingruentium·
3456 5436 3580 5500 tot:
3657 5416 4076 5503 maiorum-
4129 5416 4393 5527 gravi·

1036 5536 1192 5621 tati
1229 5598 1254 5645 ‚
1306 5560 1715 5652 quantum
1767 5566 2107 5650 rerum„
2166 5559 2251 5629 et
2297 5560 2776 5655 temporum
2823 5565 3206 5654 praesens
3256 5529 3622 5623 conditio
3669 5538 4043 5653 patitur·²
4116 5563 4426 5655 oppon-¹
