4834 6409
2450 530 2453 532 ψ
3620 466 3792 562 265

394 602 639 721 eipua
671 598 923 708 ,imo
995 605 1246 689 unica
1296 622 1494 688 cura
1569 600 1727 687 erit
1761 660 1784 705 ‚
1850 590 2357 687 incessanter.
2414 592 2521 685 de
2569 596 2757 683 loco
2819 592 2924 681 ad
2961 595 3254 682 ‘locum
3289 657 3314 701 ,
3349 640 3352 645 ·
3388 611 3473 680 et
3516 592 3797 687 sine-

395 750 618 825 Qesse
666 721 920 809 fuerit
966 726 1329 824 visum,.
1365 724 1610 813 etiam
1664 719 1771 807 de
1852 718 2100 809 domo
2163 719 2267 807 ad
2332 717 2680 804 domum
2743 713 3257 805 excurrendo
3305 782 3335 821 ,
3401 737 3484 801 et
3578 739 3795 804 cate·

401 842 814 939 chizando
852 904 874 946 ,
923 843 1459 954 Missionibns
1517 845 1917 929 continuo
1978 872 2322 947 vacare„
2393 837 2639 924 rudes
2703 841 2784 922 in
2856 838 3257 923 Doctrina
3325 836 3796 927 Christiana

405 964 814 1068 instruere
851 1027 875 1068 ,
943 962 1416 1050 dubitantes
1486 961 1589 1048 ad
1660 966 2024 1051 veritatis
2088 966 2307 1051 viam
2363 958 2812 1065 reducere,
2882 983 2965 1045 et
3015 963 3094 1042 in
3144 959 3307 1044 'h'ac
3359 956 3808 1048 confirma--

401 1115 553 1191 ttefl,
620 1089 709 1171 in·
760 1084 1208 1185 haereticos
1246 1149 1269 1192 ,
1341 1085 1470 1173 vel
1523 1082 1630 1169 de
1677 1083 1989 1170 haeresi
2056 1106 2534 1199 suspectos,
2615 1080 2914 1165 horum
2995 1082 3553 1186 consultores,
3620 1077 3798 1168 fau·

404 1200 682 1309 tores,
749 1230 1287 1319 receptatores
1326 1270 1356 1309 ,
1422 1206 1824 1289 librorum
1877 1200 2557 1295 Acatholicorum
2627 1200 3095 1287 detentores
3131 1266 3159 1304 ‚
3224 1203 3358 1287 vel
3399 1198 3816 1291 detento--

400 1357 593 1411 rum
650 1330 1072 1430 conscios,
1149 1352 1230 1412 et
1284 1342 1451 1412 non'
1507 1327 1960 1413 revelantes
2000 1390 2023 1433 ,
2092 1356 2229 1412 eos
2278 1328 2359 1408 in
2418 1325 2942 1409 Provinciam
2996 1345 3353 1407 nostram
3407 1319 3793 1425 ferenteS,

401 1447 535 1531 vel
620 1445 1140 1534 intrudentes
1178 1510 1202 1553 ,
1267 1478 1736 1565 eorumque
1800 1450 2371 1550 auxiliatores,
2439 1447 2809 1530 conscios
2848 1506 2871 1549 ,
2937 1475 3078 1531 seu
3165 1445 3598 1558 participes
3677 1449 3805 1531 in-

282 1588 285 1593 ·
402 1568 784 1684 quirere,
853 1566 1227 1684 hosque,
1295 1593 1378 1655 et
1428 1569 1625 1653 alios
1710 1567 2189 1682 hujusmodi
2258 1565 2572 1652 farinae
2624 1563 2999 1683 homines
3076 1563 3397 1670 Nobis,
3469 1565 3597 1652 vel
3665 1571 3804 1652 cui
3871 1564 3889 1623 ·'

400 1718 552 1801 per
604 1718 751 1771 nos
787 1750 810 1793 ,
864 1711 949 1773 et
1001 1691 1524 1775 Successores
1582 1710 1918 1793 ,nostros
1955 1753 1978 1797 ,
2046 1685 2688 1776 demandabitur
2725 1748 2748 1791 ,
2817 1688 2995 1770 sine
3073 1687 3345 1805 aliqua
3422 1715 3803 1798 persona-

406 1839 591 1891 rum
649 1813 1214 1921 acceptatione
1293 1811 1520 1893 omni
1589 1813 1940 1924 seposito
2032 1808 2399 1896 humano
2477 1804 2783 1894 affectu
2816 1872 2846 1911 ,
2909 1809 3363 1921 spretisque
3415 1810 3802 1894 interces-

404 1928 776 2012 sionibus
830 1931 1501 2048 quibuscumque
1555 1929 2086 2041 denunciare3
2152 1930 2531 2036 Verbum
2585 1926 3009 2032 divinum,
3049 1949 3130 2012 et
3179 1925 3417 2013 Fidei
3469 1924 3805 2040 dogma-

406 2069 489 2131 ta
559 2048 883 2155 ubivis,
951 2073 1033 2136 et
1083 2054 1329 2138 etiam
1387 2082 1483 2136 ex
1540 2048 1989 2159 cathedra,
2056 2055 2172 2138 sic
2227 2074 2502 2145 tamen
2596 2072 2692 2134 ut
2763 2046 3373 2134 ordinariorum
3441 2080 3610 2134 non
3676 2049 3802 2136 di·

408 2169 893 2255 sturbentur
952 2170 1580 2264 Ecclesiasticae
1642 2169 2108 2259 functiones
2124 2238 2154 2277 ,
2222 2174 2434 2255 intra
2501 2174 2693 2284 ipsis
2765 2168 3278 2279 designatum
3338 2166 3804 2282 districtum

406 2287 782 2375 tradere:
857 2293 991 2377 Sic
1054 2316 1136 2378 et
1188 2296 1746 2404 poenitentiae
1801 2295 2429 2383 Sacramentum
2516 2291 2770 2410 (sola
2853 2287 3186 2403 dempta
3263 2288 3820 2381 Confessione·

410 2407 839 2518 paschali,
905 2415 969 2496 si
1025 2412 1397 2498 locorum
1450 2416 1827 2500 curiones
1882 2417 2101 2501 ultro
2165 2445 2333 2498 non
2384 2410 3623 2527 annuerent)3·Sacrosanctam
3678 2446 3820 2501 ve-

411 2558 505 2612 ro
556 2528 1163 2617 Eucharistiam
1254 2537 1337 2619 in
1409 2537 1742 2650 proprio
1779 2598 1802 2640 ,
1870 2537 2007 2621 vel
2066 2558 2381 2620 tantum
2450 2534 2863 2619 Missionis
2918 2532 3286 2637 Sacello,
3351 2531 3551 2616 alibi
3599 2564 3801 2621 vero

417 2679 583 2734 non
665 2654 819 2737 nisi
861 2717 889 2757 ‚
949 2683 1200 2771 quam
1290 2650 1739 2741 accedente
1779 2659 2170 2768 ipsorum
2241 2657 2681 2767 curionum
2747 2683 3083 2738 ‘assensu
3168 2651 3803 2760 administrare,

411 2770 606 2855 item
662 2778 974 2882 aegriS,
1041 2798 1124 2860 et
1187 2771 1709 2859 moribundis
1786 2776 2165 2861 solat-ium
2221 2807 2409 2860 cum
2499 2775 2796 2860 auxilio
2863 2771 3404 2884 impendere,
3475 2774 3803 2895 aliaque

406 2921 794 3003 peragere
846 2898 1122 2981 omnia
1160 2957 1185 3000 ,
1252 2926 1466 3012 quae
1519 2891 2050 2982 individuum
2107 2897 2597 2987 Missionarii
2653 2894 3107 3009 Apostolici
3162 2896 3407 3005 exigit
3463 2926 3797 3004 munus,

406 3012 593 3122 jure
656 3014 1130 3127 sepulturae
1180 3077 1204 3120 ‚
1270 3017 1606 3133 alioque
1684 3048 2217 3140 quocumque
2292 3015 2751 3103 parochiali
2837 3045 3156 3131 semper
3207 3079 3235 3118 ‚
3317 3038 3401 3103 et
3480 3016 3800 3137 ubique

414 3155 780 3244 excepto.
1738 3160 1743 3163 *
2556 3175 2564 3184 ·
3051 3156 3088 3170 ’·

532 3249 913 3339 Decimo.
979 3254 1461 3364 Tpueantur
1520 3265 1822 3372 pariter
1890 3263 1973 3346 in
2037 3265 2293 3347 vitam
2335 3327 2359 3367 ,
2415 3285 2499 3348 et
2568 3292 2834 3348 mores
2887 3291 3051 3348 non
3135 3258 3386 3347 modo
3425 3257 3828 3353 'subditur

414 3402 599 3456 rum
669 3377 858 3488 ipsis
926 3374 1198 3492 quoad
1256 3379 1668 3469 Missionls
1757 3385 2302 3471 ministeriu-m
2364 3378 2989 3469 commissorum
3026 3447 3056 3487 ‚
3120 3372 3265 3466 sed
3319 3405 3402 3468 et
3451 3390 3735 3467 eorum
3776 3447 3801 3490 ,

412 3494 720 3608 quibus
789 3499 939 3610 ipsi
996 3495 1309 3583 subditi
1363 3503 1573 3589 intra
1632 3501 2147 3614 designatum
2203 3502 2666 3591 districtum
2733 3536 2829 3590 ex
2880 3500 3373 3588 demandata
3424 3537 3466 3587 a
3535 3500 3801 3588 Nobis

409 3612 984 3725 jurisdictione
1033 3618 1389 3706 subsunt
1425 3682 1449 3726 ,
1516 3622 1804 3710 sedulo
1854 3624 2279 3735 invigilare
2311 3687 2334 3727 ,
2401 3622 2763 3744 datoque
2817 3621 3149 3710 defectu
3215 3624 3615 3734 Religioni
3684 3621 3807 3711 di-

411 3757 684 3840 recte,
752 3739 886 3823 vel
936 3737 1343 3829 indirecte
1379 3748 1841 3857 pernicioso
1876 3807 1898 3850 ,
1966 3748 2029 3830 si
2084 3743 2432 3831 fraterna
2487 3742 2942 3832 admonitio
2995 3777 3158 3831 non
3218 3745 3475 3852 tollat,
3513 3742 3803 3850 Nobis,

416 3877 498 3939 et
564 3857 1193 3951 successoribus
1269 3868 1563 3953 nostris
1633 3864 1736 3952 ad
1789 3868 2156 3981 proprias
2210 3897 2502 3951 manus
2554 3863 2900 3953 deferre.

386 3990 391 3993 ’
536 3976 1034 4065 Undecimo.
1081 3982 1608 4099 Quapropter
1657 3982 2408 4101 praesentabuntur
2458 3986 2718 4073 Nobis
2755 3990 2907 4073 viri
2954 4013 3152 4072 cum
3191 3988 3526 4073 scientia
3558 4049 3581 4093 ,
3626 4009 3805 4073 tum

418 4115 504 4178 et
550 4099 767 4180 vitae
834 4106 1374 4191 sanctimonia
1446 4109 1703 4212 clari,
1768 4110 2376 4221 simplicitatem
2433 4107 2869 4194 columbae
2918 4108 3167 4193 simul
3255 4131 3336 4193 et
3420 4110 3803 4193 astutiam

413 4221 813 4327 serpentis
868 4217 1317 4327 habentes,
1390 4249 1482 4309 ut
1544 4231 1903 4333 virtute,
1971 4253 2050 4315 et
2104 4225 2587 4345 fortitudine
2641 4225 2985 4340 praediti
3061 4227 3391 4314 valeant
3451 4226 3802 4314 disrum-

406 4362 606 4447 pere
662 4334 1099 4425 hominum
1154 4343 1671 4457 iniquitates,
1738 4370 1821 4433 et
1869 4350 2085 4434 bene
2138 4344 2450 4434 cordati
2510 4381 2671 4461 non
2729 4352 3263 4435 extimescant
3310 4345 3604 4433 faciem
3655 4379 3801 4463 po·

410 4458 660 4540 tentis
702 4522 729 4562 ‚
793 4462 960 4546 sint
1005 4467 1266 4576 justi,
1339 4468 1790 4581 incorrupti
1830 4533 1853 4575 ,
1911 4473 2263 4581 integri,
2304 4502 2594 4556 suaves
2631 4535 2659 4573 ,
2729 4495 2814 4557 et
2865 4471 3200 4555 insimul
3253 4472 3509 4555 severi
3544 4534 3574 4574 ‚
3625 4500 3801 4581 gra·-

406 4605 604 4683 veS,
671 4611 1045 4691 sagaces,
1115 4615 1311 4669 cum
1364 4588 1447 4669 in
1503 4587 1901 4699 polemica
1942 4653 1966 4693 ,
2023 4613 2200 4677 tum
2256 4613 2340 4675 et
2389 4595 2469 4676 in
2529 4590 2705 4698 his„
2773 4623 2985 4709 quae
3038 4589 3141 4676 ad
3195 4592 3568 4676 notitiam
3621 4622 3828 4707 pro--

409 4697 872 4793 movendae
940 4703 1453 4793 haereticalis
1517 4711 2074 4826 inquisitionis
2127 4709 2672 4816 conducunt,
2735 4713 2954 4798 bene
3004 4714 3355 4819 versati,
3422 4711 3527 4799 ad
3577 4713 3846 4798 labo··

410 4847 537 4901 res
592 4824 817 4929 nati,
883 4856 1260 4941 semper,
1323 4851 1408 4913 et
1460 4830 1776 4946 ubique
1827 4829 2236 4918 inhiantes
2288 4836 2750 4918 animarum
2799 4835 3103 4937 saluti,
3166 4864 3315 4949 pro
3377 4857 3600 4920 certo
3663 4831 3806 4941 de-

408 4962 647 5023 mum
698 4941 1046 5031 aliorum
1101 4951 1489 5062 periculis
1552 4950 2009 5057 habentes,
2074 4954 2410 5040 turbare
2458 4957 2732 5068 potius
2782 4956 2997 5041 male
3059 4986 3435 5041 concessa
3474 5018 3498 5061 ‚
3550 4985 3805 5073 quam

409 5054 1068 5151 uti-educantur
1115 5069 1569 5155 errabundi
1620 5070 2015 5161 haeretici
2066 5077 2594 5163 conniventia
2636 5101 2870 5183 ,nec
2919 5078 3198 5179 flecti,
3239 5105 3392 5162 nec
3426 5076 3800 5179 emolliri.

534 5176 1089 5271 Duodecimn.
1150 5186 1386 5275 *Hinc
1439 5194 1683 5312 etiam
1725 5254 1751 5299 ,
1817 5216 1901 5279 et
1960 5218 2058 5280 ut
2116 5195 2251 5281 vel
2302 5227 2401 5284 eo
2454 5201 2707 5308 magis
2759 5200 3027 5283 omnis
3079 5197 3411 5284 tollatur
3458 5193 3806 5287 humani

414 5293 763 5441 affectus
814 5309 1133 5392 occasio
1168 5369 1193 5413 ,
1260 5312 1609 5395 vetitum
1662 5316 1771 5399 sit
1816 5312 2355 5404 Missionariis
2408 5321 2598 5432 ipsis
2648 5353 2691 5404 a
2743 5315 3098 5405 subditis
3147 5313 3423 5434 quoad
3473 5316 3836 5404 Missio-.

410 5450 542 5504 ms
607 5452 912 5509 munus
958 5428 1075 5514 eis
1124 5427 1519 5544 subjectis
1571 5463 1721 5546 pro
1797 5433 2069 5520 Missis
2158 5438 2758 5552 eleemosynas,
2829 5440 2957 5526 vel
3011 5462 3091 5543 et
3142 5435 3249 5523 de
3299 5462 3571 5524 cetero
3620 5472 3802 5527 mu·

416 5566 614 5681 nera
666 5543 940 5663 aliqua
999 5552 1418 5666 recipere,
1484 5548 1759 5655 forent
1825 5553 2029 5643 haec
2083 5558 2273 5655 licet
2325 5561 2742 5653 esculenta
2781 5625 2807 5667 ,
2878 5559 3011 5647 vel
3075 5557 3569 5674 poculenta,
3635 5593 3812 5646 mo·

415 5654 583 5755 dim
633 5668 1094 5760 etiamnum
1168 5673 1465 5766 valoris
1510 5710 1541 5790 3
1609 5699 1858 5796 atque
1912 5679 2451 5779 abstinebunt
2511 5683 2618 5773 ab
2667 5681 3055 5773 omnibus
3117 5684 3809 5772 commessationi-

669 5784 755 5873 T
745 5791 1032 5880 omJJ.
2904 5802 2977 5892 L
3028 5800 3058 5889 l
