4834 6409
1006 567 1184 629 esse
1228 519 1682 643 volumus,-
1726 532 1972 650 eique
2000 573 2045 637 ,=
2095 526 2373 617 donec·
2411 520 2878 615 indictum
2927 514 3397 642 Collegiurii
3445 527 3668 616 illius
3703 527 4052 618 Alumni
4101 526 4415 619 admit‘-

1013 663 1298 752 t'antur
1329 719 1356 765 ,
1420 656 1670 743 liceat
1718 653 2098 739 omnium
2147 673 2233 739 et
2281 649 2894 762 singulorum-a
2946 649 3211 748 Nobis
3275 654 3702 738 unitorum
3731 713 3756 758 ,
3822 680 4329 739 annexorum
4366 703 4409 761 ,-

1011 806 1100 872 et
1148 784 1860 896 incorporatorum
1937 803 2086 887 per
2145 802 2231 860 se
2266 834 2291 879 ,
2356 771 2496 859 vel
2544 771 2800 858 alium
2849 772 2956 857 ab
3022 775 3201 888 ipso
3275 772 3693 890 Episcopo
3751 769 4332 888 deputandum
4370 833 4398 881 ,

1014 935 1164 991 seu
1213 902 1412 988 alios
1441 962 1470 1007 ,
1521 894 1724 983 dicti
1790 894 2143 1008 Collegii
2193 893 2534 981 nomine
2583 893 2884 980 realem
2919 956 2947 1001 ,
3008 894 3414 981 actualem
3453 959 3478 1001 ,
3532 919 3618 982 et
3665 894 4176 1011 corporalem
4220 897 4412 1012 pos-2

1016 1025 1464 1113 sessionem
1541 1019 1871 1133 propria
1956 1018 2444 1102 auctoritate
2520 1013 2781 1103 libere
2859 1013 3482 1131 apprehendere
3533 1079 3559 1124 ,
3623 1039 3709 1104 et
3805 1013 4409 1132 apprehensam

1012 1167 1422 1261 perpetuo
1475 1142 1881 1250 retinere3
1955 1136 2463 1255 illorumque
2509 1133 2882 1244 fructus,
2951 1135 3262 1223 reditus
3298 1201 3324 1243 ,
3388 1160 3842 1255 proventus
3875 1198 3901 1243 ,
3965 1142 4211 1253 jura,
4262 1137 4414 1224 ob-

1018 1267 1453 1354 ventiones
1479 1326 1510 1365 ,
1569 1284 1654 1348 et
1703 1259 2266 1345 emolumenta
2316 1288 2899 1377 quaecumque
2929 1322 2954 1366 ,
3020 1289 3348 1346 necnon
3398 1291 3535 1344 sex
3587 1258 3850 1345 millia
3899 1281 4130 1345 scuta
4181 1288 4421 1373 prae·

1017 1384 1241 1472 dicta
1287 1385 1715 1498 percipere
1747 1444 1774 1488 ,
1843 1381 2221 1489 exigere,
2285 1378 2625 1490 levare,
2685 1409 2781 1465 ac
2850 1383 2934 1465 in
2987 1377 3362 1494 ejusdem
3431 1378 3782 1491 Collegii
3848 1413 3894 1466 a
3945 1376 4417 1496 Nobis-›per

1014 1526 1488 1624 praesentes
1552 1505 1805 1589 erecti
1855 1501 2745 1596 utilitateminvestire
2792 1501 2880 1585 in
2942 1499 3184 1586 bonis
3232 1500 3668 1587 stabilibus
3698 1564 3724 1606 ,
3775 1523 3871 1587 ut
3918 1496 4408 1615 praefertur,

1142 1625 1211 1729 S.
1281 1630 1360 1734 4.
1440 1624 1748 1711 Verum
1799 1621 1993 1743 quia
2046 1618 2464 1708 frumenta
2530 1621 2901 1739 aliaeque
2947 1618 3223 1733 fruges
3261 1684 3284 1727 ,
3350 1653 3566 1738 quae
3629 1653 3725 1708 ex
3778 1622 4076 1707 annuis
4128 1619 4416 1710 rediti-

1018 1748 1181 1835 bus
1241 1748 1512 1862 primo
1569 1742 1771 1829 dicti
1835 1743 2316 1829 Monasterii
2368 1742 2929 1852 colliguntur,
2983 1745 3067 1828 in
3121 1739 3454 1828 duobus
3490 1741 3692 1829 dicti
3743 1742 4023 1856 palatii
4059 1804 4085 1849 ,
4153 1775 4200 1827 a
4247 1733 4421 1830 No·

1019 1869 1152 1955 bis
1219 1869 1307 1952 in
1360 1865 1831 1977 Collegium
1907 1893 2057 1979 per
2113 1884 2584 1979 praesentes
2648 1865 2899 1949 erecti
2976 1859 3513 1978 hujusmodi,
3580 1861 3894 1950 horreis
3961 1866 4249 1978 reponi
4311 1896 4409 1953 ac

1022 1989 1487 2077 conservari
1537 2008 2215 2089 consueverunt,
2275 1984 2665 2071 volumus
2701 2047 2726 2090 ,
2796 2006 2889 2070 ut
2951 1981 3176 2071 dicto
3226 1986 3474 2072 Petro
3523 1985 3866 2098 Aloysio
3914 1981 4343 2072 Cardinali
4383 2051 4414 2090 ,

1022 2108 1291 2197 donec
1331 2111 1513 2225 ipse
1586 2107 1942 2213 vixerit,
2008 2127 2094 2192 et
2140 2104 2739 2193 Monasterium
2778 2167 2803 2212 ,
2869 2107 3085 2192 sicut
3149 2099 3663 2221 praefertur,
3728 2104 4250 2214 obtinuerit,
4319 2108 4420 2193 li·

1018 2231 1173 2319 ber
1224 2228 1721 2316 decernatur
1767 2231 2176 2339 ingressus
2223 2223 2330 2312 ad
2396 2224 2682 2312 horrea
2736 2223 3006 2313 donec
3085 2229 3289 2315 alter
3338 2227 3492 2312 sibi
3549 2225 3656 2313 ad
3738 2228 4258 2343 repositionis
4332 2251 4418 2315 et

1022 2351 1591 2441 asservationis
1639 2346 2122 2464 hujusmodi
2209 2344 2664 2453 effectum,
2726 2345 3082 2459 Collegii
3144 2382 3185 2435 a
3240 2348 3484 2433 nobis
3559 2350 3814 2435 erecti
3885 2349 4420 2464 sumptibus,

1020 2474 1177 2559 sibi
1231 2470 1717 2560 exhibeatur
1768 2470 2058 2581 locus3
2122 2465 2525 2585 praedicti
2574 2497 2772 2556 vero
2809 2468 3033 2556 Petri
3093 2470 3403 2583 Aloysii
3457 2465 3925 2554 Cardinalis
3976 2471 4065 2554 in
4118 2469 4413 2558 Mona-

1021 2595 1275 2681 sterio
1320 2621 1824 2679 successores
1873 2587 2271 2697 aliunde,
2337 2611 2423 2676 et
2469 2591 2553 2674 in
2610 2589 2795 2702 loco
2828 2652 2856 2698 ,
2932 2623 2976 2676 a
3030 2587 3404 2701 Collegio
3439 2653 3465 2695 ,
3533 2623 3577 2675 a
3664 2588 3930 2674 Nobis
3978 2621 4126 2704 per
4180 2619 4414 2707 prae-

708 2718 950 2786 Census
1022 2736 1291 2803 sentes
1342 2738 1618 2801 erecto
1653 2775 1681 2819 ,
1746 2714 2089 2798 omnino
2138 2732 2509 2826 separato
2556 2710 2717 2796 sibi
2768 2742 3166 2830 quaerere
3215 2708 3577 2797 debeant
3624 2733 3709 2797 et
3759 2733 4225 2798 teneantur.
4279 2715 4414 2801 Ac

573 2839 583 2850 “
637 2831 888 2877 annuus

638 2902 790 2967 Abb
834 2902 874 2968 t.
1025 2833 1363 2923 demum
1397 2899 1421 2938 ‚
1489 2857 1584 2920 ut
1632 2832 2112 2946 Collegium
2161 2865 2206 2918 a
2257 2830 2523 2917 Nobis
2572 2860 2720 2945 per
2771 2854 3233 2945 praesentes
3284 2855 3655 2919 erectum
3721 2827 4065 2951 aliquod
4111 2863 4411 2947 peren·-

636 2925 973 3061 Cominzn-
1025 2989 1131 3046 ne
1188 2958 1395 3070 grati
1449 2955 1707 3039 animi
1754 2954 2252 3069 obsequium
2304 2981 2493 3062 erga
2527 2950 3006 3039 Monasterii
3057 2952 3434 3039 Abbates
3467 2975 3911 3070 perpetuos
3963 2951 4422 3042 Com‘men-

632 3084 764 3153 dat.
825 3089 952 3153 ⁸0¹-
1025 3076 1377 3164 datarios
1428 3073 1816 3161 exhibere
1876 3074 2201 3179 valeat,
2269 3102 2525 3158 unam
2571 3072 2895 3160 libram
2961 3104 3194 3161 cerae
3245 3072 3480 3161 albae
3542 3076 3630 3159 in
3684 3071 3819 3161 die
3869 3070 4079 3160 festo
4133 3074 4417 3163 Sancti

636 3177 902 3246 vendas.
1027 3192 1457 3285 Benedicti
1511 3191 1708 3281 dare
1760 3191 2062 3281 debea‘t
2116 3217 2200 3281 et
2254 3216 2653 3280 teneatur.

1144 3314 1211 3419 S.
1280 3315 1359 3402 5.
1424 3315 1995 3403 Decernentes
2021 3380 2053 3419 ,
2113 3318 2554 3432 praemissa
2602 3318 2882 3403 omnia
2920 3339 3004 3405 et
3054 3316 3376 3430 singula
3408 3381 3440 3422 ,
3504 3349 3599 3404 ac
3649 3315 3979 3420 easdem
4033 3347 4417 3433 praesen-

1027 3460 1149 3526 tes
1214 3426 1448 3525 nullo
1497 3468 1872 3556 unquam
1920 3458 2293 3552 tempore
2339 3468 2440 3524 ex
2490 3435 3164 3561 quibuscumque
3216 3442 3478 3525 causis
3530 3435 3638 3525 de
3672 3439 4231 3553 subreptionis
4281 3465 4426 3528 aut

1029 3559 1581 3677 obreptionis,
1645 3589 1792 3646 seu
1844 3557 2247 3644 nullitatis
2294 3559 2500 3645 vitio
2537 3619 2563 3664 ,
2628 3582 2773 3645 aut
2821 3561 3306 3647 intentionis
3355 3582 3744 3665 nostrae,
3804 3560 3944 3648 vel
3997 3585 4425 3678 quocum·-

1031 3710 1198 3798 que
1246 3682 1409 3766 alio
1458 3676 1792 3767 defectu
1842 3680 2170 3786 notari,
2235 3678 2771 3793 impugnari,
2834 3676 3275 3768 invalidari
3312 3742 3337 3787 ,
3404 3683 3882 3784 retractari,
3947 3683 4034 3766 in
4085 3685 4221 3797 jus
4267 3681 4405 3771 vel
4481 3684 4489 3690 ’

1033 3801 1677 3888 controversiam
1726 3802 2062 3907 vocari,
2129 3794 2236 3886 ad
2281 3803 2502 3888 viam
2569 3823 2650 3888 et
2716 3803 3112 3888 terminos
3191 3803 3399 3916 juris
3458 3800 3746 3889 reduci
3799 3865 3826 3908 ,
3898 3824 4042 3888 aut
4114 3799 4423 3892 adver-

1032 3953 1169 4007 sus
1219 3953 1353 4008 eas
1402 3918 2001 4041 quodcumque
2048 3922 2254 4036 juris
2312 3922 2454 4010 vel
2501 3918 2695 4007 facti
2733 3981 2760 4027 ,
2824 3943 2970 4008 aut
3030 3924 3337 4035 gratiae
3403 3919 3866 4010 remedium
3929 3925 4414 4038 impetrari,

1033 4065 1178 4129 aut
1227 4043 1473 4130 etiam
1523 4045 1765 4133 Motu
1816 4043 2148 4158 proprio
2183 4102 2209 4148 ,
2275 4038 2551 4159 deque
2600 4040 3124 4160 Apostolicae
3173 4047 3592 4156 potestatis
3644 4042 4172 4159 plenitudine
4225 4075 4419 4132 con-

1037 4160 1219 4251 cedi
1255 4227 1287 4270 ,
1348 4194 1505 4249 nec
1556 4163 1714 4248 sub
1766 4163 2201 4280 quibusvis
2247 4162 2644 4248 similium
2697 4161 2832 4251 vel
2882 4161 3407 4251 dissimilium
3471 4168 3914 4275 gratiarum
3970 4171 4426 4254 revocatio·

1034 4283 1337 4389 nibus,
1407 4284 2138 4397 suspensionibus,
2205 4281 2893 4392 limitationibus,
2959 4305 3107 4372 aut
3153 4286 3331 4372 aliis
3381 4290 3810 4372 contrariis
3864 4283 4419 4403 dispositioni·

1035 4403 1197 4488 bus
1244 4435 1395 4518 per
1446 4432 2016 4524 quoscumque
2053 4403 2466 4489 Romanos
2514 4402 2960 4493 Pontifices
3009 4436 3517 4493 successores
3566 4405 3911 4493 Nostros
3948 4469 3972 4515 ,
4026 4441 4121 4495 ac
4171 4412 4420 4496 etiam

1039 4554 1185 4639 per
1234 4523 1406 4610 Nos
1470 4548 1553 4610 et
1631 4522 1931 4611 Sedem
2014 4523 2576 4638 Apostolicam
2641 4523 3091 4638 praefatam
3177 4558 3326 4642 pro
3411 4531 3804 4642 tempore
3872 4526 4278 4616 faciendis
4339 4555 4424 4618 et

1040 4642 1648 4753 concedendis,
1716 4641 2313 4760 comprehendi
2365 4675 2602 4758 posse
2662 4645 2801 4734 vel
2861 4645 3227 4759 debere,
3291 4644 3437 4735 sed
3499 4678 3826 4763 semper
3886 4649 3993 4736 ab
4063 4651 4225 4736 illls
4293 4683 4430 4739 ex-

1041 4767 1269 4882 cipi,
1334 4788 1418 4852 et
1478 4768 1800 4884 quoties
1849 4768 2041 4853 illae
2103 4766 2613 4852 emanabunt
2670 4767 2905 4854 toties
2956 4770 3042 4853 in
3091 4771 3534 4884 pristinum
3576 4830 3600 4877 ,
3660 4793 3745 4857 et
3794 4802 3989 4858 eum
4027 4836 4060 4878 ,
4117 4775 4202 4858 in
4258 4803 4429 4892 quo

1040 4910 1232 4974 ante
1281 4891 1715 5001 praemissa
1766 4883 2399 5006 quomodolibet
2434 4910 2666 4973 erant
2695 4948 2719 4995 ,
2787 4912 3091 5000 statum
3141 4893 3555 4978 restitutas
3585 4953 3610 5000 ,
3642 4894 4031 5009 repositas
4065 4955 4090 5000 ,
4142 4919 4227 4984 et
4253 4897 4426 5013 ple·

1042 5011 1270 5095 narie
1349 5011 1932 5120 reintegratas,
1996 5039 2093 5094 ac
2143 5002 2249 5093 de
2303 5038 2521 5093 novo
2607 5014 2857 5096 etiam
2909 5012 3066 5096 sub
3120 5043 3652 5132 quacumque
3729 5017 4157 5128 posteriori
4226 5016 4433 5105 data

1043 5160 1189 5242 per
1251 5127 1569 5215 dictum
1653 5125 2141 5213 modernum
2182 5190 2205 5233 ,
2275 5151 2358 5214 et
2436 5160 2586 5243 pro
2661 5153 3031 5246 tempore
3113 5136 3594 5222 existentem
3645 5134 4156 5252 Episcopum
4226 5140 4426 5227 Bisi-

1041 5280 1392 5361 gnanen.
1450 5244 2155 5369 quandocumque
2205 5248 2580 5362 eligenda
2639 5250 3111 5361 concessas,
3148 5253 3631 5376 validasque
3694 5279 3777 5343 et
3828 5253 4203 5345 efficaces
4251 5257 4428 5347 fore

1041 5392 1127 5453 et
1175 5401 1347 5458 esse
1377 5435 1400 5478 ,
1466 5400 1824 5489 suosque
1875 5371 2282 5486 plenarios
2333 5396 2417 5458 et
2469 5374 2828 5482 integros
2880 5373 3225 5463 effectus
3275 5380 3544 5463 sortiri
3593 5400 3677 5464 et
3726 5377 4190 5491 obtinere,
4227 5380 4426 5467 illis-

1042 5520 1204 5607 que
1259 5523 1352 5576 ac
1403 5491 1781 5604 Collegio
1831 5522 1977 5580 seu
2033 5492 2492 5578 Seminario
2543 5527 2587 5579 a
2638 5494 2901 5581 Nobis
2950 5528 3099 5612 per
3147 5520 3620 5613 praesentes
3652 5561 3674 5603 ,
3754 5521 3851 5583 ut
3909 5497 4426 5615 praefertur}

1041 5632 1320 5698 erecto
1406 5604 1953 5728 hujusmodi,
2018 5613 2407 5732 illiusque
2483 5619 2842 5731 pueris,
2903 5621 3369 5730 magistris,
3454 5616 3952 5708 officialibus
3992 5685 4015 5728 ,
4080 5623 4426 5746 aliisque

645 3631 1001 3699 clausulae.
