4834 6409
3600 486 3780 602 259

373 626 723 724 petuum
775 605 1299 723 Apostolicae
1345 605 1763 695 Missionis
1824 636 2132 698 munus
2182 608 2269 695 in
2322 600 2846 695 Praefectura
2898 623 3173 697 nostra
3241 603 3774 718 Lungaviae,

378 757 543 846 qua
619 725 826 814 haec
888 728 1052 814 late
1138 725 1415 848 quoad
1468 729 2002 843 temporalem
2086 724 2743 847 jurisdictionem
2810 747 3085 840 patet,
3138 727 3784 814 clementissime

378 849 900 937 committere
941 910 973 952 ,
1048 870 1337 937 tenore
1383 852 1940 962 praesentium
2025 848 2571 938 decrevimus.
2626 845 3038 932 Volumus
3088 880 3186 937 ea
3239 871 3576 963 propter
3611 910 3636 953 ,
3690 868 3775 933 et

377 963 865 1053 Paternitati
917 990 1108 1055 tuae
1152 971 1363 1054 serio
1414 966 1907 1057 mandamus
1974 995 2410 1089 quatenus.
3811 1074 3822 1089 ,

499 1087 570 1184 S.
635 1116 766 1171 12.
833 1087 1137 1174 Primo.
1202 1089 1398 1191 Duo
1468 1089 1705 1175 nobis
1772 1113 2399 1205 praesententur
2453 1088 2736 1175 Patres
2801 1085 2906 1175 de
2972 1088 3282 1177 familia
3355 1087 3771 1175 Monaste·
3869 1090 4086 1199 ‘Quid
4124 1118 4163 1164 a

380 1203 482 1289 rii
535 1205 619 1291 in
671 1205 1174 1319 Dambsweg
1223 1206 1328 1295 ad
1394 1208 1855 1323 praefatum
1932 1209 2456 1325 Apostolicae
2521 1207 2934 1297 M'issionis
2999 1212 3552 1295 ministerium
3618 1211 3772 1294 rite
3796 1181 4128 1340 ffifjfflgss'a'

385 1321 872 1421 obeundum
928 1323 1262 1435 idonei,
1315 1353 1399 1415 et
1442 1335 1663 1443 apti,
1733 1319 1879 1417 vel'
1919 1365 1962 1419 a
2019 1333 2363 1418 Summo
2414 1327 2821 1416 Pontifice
2858 1394 2880 1437 ,
2948 1333 3077 1420 vel
3155 1363 3194 1415 a
3253 1330 3492 1415 Sacra
3547 1328 3769 1414 Con·
3797 1381 4117 1455 psaestan-

381 1445 851 1553 gregatione
914 1441 1021 1530 de
1079 1448 1668 1564 propaganda,
1741 1482 1887 1537 seu
1970 1453 2079 1539 ab
2153 1481 2316 1555 eo,
2400 1451 2536 1534 cui
2608 1451 2711 1537 ab
2776 1450 2931 1538 hac
3002 1450 3187 1538 talis
3251 1447 3771 1560 delegabitur
3798 1457 3968 1525 dum·

377 1557 779 1670 facultas,
850 1569 1339 1679 approbati,
1407 1574 2043 1693 necessariisque
2092 1569 2197 1658 ad
2252 1571 2682 1656 Missiones
2747 1571 3256 1684 Apostolicas
3321 1570 3772 1685 privilegiis

389 1683 770 1775 instructi
821 1747 846 1790 ,
916 1716 1071 1774 nec
1124 1689 1273 1773 tibi
1313 1751 1338 1793 ,
1403 1692 2180 1809 successoribusque
2242 1694 2407 1776 tuis
2468 1693 2884 1801 integrum
2937 1695 3091 1797 sit,
3161 1712 3597 1806 postquam
3651 1690 3776 1773 illi
3851 1786 3855 1790 Α

382 1803 634 1888 semel
686 1801 1000 1890 fuerint
1046 1805 1154 1894 ad
1216 1811 1648 1898 Missiones
1700 1835 2010 1898 nostras
2098 1810 2396 1898 delecti
2463 1840 2602 1894 eos
2679 1843 3115 1917 amovere,
3185 1812 3340 1895 nisi
3408 1811 3556 1893 ubi
3615 1812 3779 1922 prif

379 1926 498 2005 mi
549 1926 966 2035 integrum
1035 1927 1539 2015 absolverint
1593 1962 1960 2038 annum,
2015 1932 2600 2042 subrogatione
2638 1995 2664 2037 ,
2730 1954 2811 2017 et
2864 1932 3519 2045 praesentatione
3575 1930 3773 2014 sub-

385 2037 644 2148 inde,
735 2068 986 2163 atque
1034 2051 1513 2137 successivis
1567 2056 1980 2164 perpetuis
2046 2040 2554 2166 temporibus
2629 2084 2721 2137 ea
2791 2056 3106 2139 ratione
3169 2046 3602 2152 facienda,
3678 2073 3776 2135 ut

383 2192 606 2246 unus
695 2166 824 2248 vel
897 2159 1185 2250 saltem
1237 2166 1498 2275 adsit,
1566 2175 1708 2290 qui
1777 2178 1938 2284 jam
2009 2204 2153 2286 per
2230 2202 2545 2259 annum
2601 2176 2683 2255 in
2766 2175 3212 2288 praemisso
3266 2166 3570 2254 ordini
3626 2190 3775 2254 tuo

386 2286 793 2393 assignato
854 2282 1775 2379 districtu-Missionarii
1860 2292 2316 2379 exercuerit
2397 2321 2755 2396 munus,
2826 2314 3059 2378 notos
3130 2288 3431 2377 habeat
3487 2286 3777 2375 subdi-

385 2423 717 2507 torum,
795 2427 879 2491 et
946 2407 1402 2497 incolarum
1461 2441 1768 2515 mores,
1836 2415 1940 2497 sit
1994 2415 2090 2497 -in
2161 2442 2253 2498 re·
2326 2409 2822 2499 Missionum
2895 2412 3364 2525 practicus,
3439 2434 3776 2522 potens·

390 2550 555 2637 que
606 2527 1006 2612 instruere
1073 2529 1398 2617 noviter
1457 2526 1994 2618 advenientes
2036 2594 2061 2637 ,
2126 2553 2212 2619 et
2282 2561 2490 2647 quos
2540 2562 2692 2643 pro
2771 2554 3143 2644 tempore
3221 2527 3780 2614 Missionarios

388 2640 661 2757 quoad
747 2675 837 2729 ea
922 2676 1135 2764 quae
1230 2644 1645 2735 Missionis
1717 2681 2053 2735 munus·
2100 2673 2674 2754 concernunt,
2764 2648 3296 2753 immediate,
3361 2671 3446 2733 et
3522 2651 3775 2737 unice

387 2765 737 2868 nostris,
810 2786 1447 2886 nostrorumque
1498 2769 2081 2855 successorum
2140 2766 2550 2855 mandatis
2589 2831 2613 2875 ,
2668 2768 2950 2885 quoad
3024 2767 3546 2881 disciplinam
3595 2797 3775 2861 mo·

384 2884 781 2966 nasticam
862 2916 1061 2974 vero
1138 2885 1289 2970 tibi
1334 2932 1369 2995 ,·
1440 2910 1522 2974 et
1575 2887 2058 2979 Guardianc
2122 2919 2407 2980 eorum
2499 2889 2954 2999 volumus,
3019 2911 3103 2979 et
3178 2888 3523 2975 sinimus
3600 2917 3776 2978 esse

393 3000 841 3113 subjectosss
1173 3101 1182 3108 ⁸

508 3117 919 3204 Secundo.
989 3121 1311 3212 Horum
1366 3114 2072 3216 Missiouariorum
2143 3161 2388 3244 porro
2456 3131 2702 3217 unica
2782 3160 2978 3218 cura
3030 3130 3186 3215 erit
3273 3129 3775 3215 incessanter

386 3237 600 3324 intra
658 3237 1176 3354 praedictum
1233 3244 1831 3360 Lungaviensis
1905 3248 2483 3340 praefecturae
2547 3246 3017 3362 districtum
3096 3245 3202 3335 de
3253 3247 3439 3333 loco
3490 3245 3594 3334 ad
3648 3249 3767 3334 lo·

387 3387 641 3462 cum,
709 3381 793 3444 et
841 3366 905 3446 si
973 3393 1305 3451 necesse
1370 3367 1675 3475 fuerit,
1755 3372 2002 3457 etiam
2091 3369 2196 3456 de
2268 3368 2521 3456 domo
2599 3366 2706 3456 ad
2783 3365 3125 3456 domum
3195 3364 3771 3475 excurrendo,

382 3475 800 3565 Missionis
875 3486 1398 3593 Apostolicae
1462 3496 1769 3576 munus
1817 3490 2193 3579 alacriter
2270 3490 2597 3604 explere
2658 3486 3304 3593 catechizando,
3374 3487 3640 3573 rudes·
3685 3492 3773 3576 in

384 3595 787 3685 Doctrina
872 3600 1340 3693 Christiana
1419 3606 1961 3714 instruendo,
2029 3605 2509 3697 reducendo
2592 3605 3072 3697 dubitantes
3122 3604 3223 3693 ad
3281 3610 3491 3693 viam
3537 3610 3775 3694 veri-

385 3720 628 3825 tatiS,
695 3717 1014 3839 hosque
1058 3726 1148 3807 in
1218 3725 1367 3817 hac
1418 3726 2052 3834 confirmando,
2118 3734 2202 3813 in
2295 3727 2749 3816 haereticos
2787 3793 2811 3833 ,
2883 3761 3030 3817 seu
3095 3727 3201 3813 de
3279 3727 3588 3814 haeresi
3641 3759 3778 3813 su-

386 3861 758 3952 spectos,
814 3838 1282 3960 horumque
1333 3849 1844 3936 consultores
1880 3912 1902 3954 ‚
1971 3847 2384 3955 fautores,
2441 3870 3028 3961 receptatores,
3078 3847 3485 3936 librorum
3562 3851 3775 3935 Aca-

387 3955 883 4045 tholicorum
937 3958 1407 4052 detentores
1442 4030 1466 4073 ,
1520 3969 1655 4056 vel
1707 3966 2234 4057 detentorum
2293 3971 2703 4074 conscios,
2769 3990 2855 4056 et
2908 3999 3070 4055 non
3128 3969 3584 4055 revelantes
3635 3997 3776 4052 eos

391 4075 475 4159 in
533 4076 1053 4165 Provinciam
1122 4109 1476 4172 nostram
1529 4086 1949 4195 ferentes,
2015 4121 2161 4176 seu
2245 4087 2821 4192 intrudentes,
2900 4087 3370 4206 horumque
3440 4087 3772 4173 auxilia-

388 4215 658 4299 tores,
731 4202 1160 4305 conscios,
1240 4234 1385 4288 seu
1455 4211 1891 4319 participes
1963 4207 2468 4331 inquirendo
2516 4271 2541 4315 ,
2615 4206 2996 4324 hosque,
3066 4230 3150 4294 et
3216 4208 3416 4292 alios
3463 4204 3771 4320 'hujus-

387 4311 616 4399 modi
682 4312 996 4403 farinae
1082 4318 1460 4413 homines
1498 4387 1522 4428 ,
1605 4326 1865 4412 Nobis
1902 4390 1927 4433 ,
2010 4328 2143 4415 vel
2212 4331 2344 4414 eui
2400 4360 2546 4445 per
2607 4328 2844 4431 Nos,
2907 4353 2987 4414 et
3042 4327 3566 4414 Successores
3622 4356 3767 4410 no-

391 4456 599 4519 stros
683 4432 1385 4547 demandabitur,
1456 4447 1635 4531 sine
1700 4446 1974 4562 aliqua
2062 4478 2595 4561 personarum
2666 4450 3232 4563 acceptatione
3283 4510 3307 4553 ,
3372 4448 3770 4563 omnique

388 4557 742 4668 seposito
820 4555 1187 4645 humano
1248 4560 1613 4670 affectu,
1680 4562 2329 4669 denunciandO,
2397 4569 2749 4659 verbum
2853 4566 3292 4671 divinum,
3381 4590 3464 4653 et
3527 4565 3770 4652 Fidei

388 4670 769 4785 dogmata
852 4678 1187 4787 ubivis,
1240 4705 1323 4768 et
1373 4684 1619 4801 etiam
1672 4717 1771 4772 ex
1822 4680 2204 4772 cathedra
2255 4686 2440 4807 (sic
2491 4710 2848 4773 attamen
2889 4752 2918 4792 ,
2987 4712 3080 4775 ut
3129 4685 3765 4773 Ordinariorum

274 4882 281 4887 ,
388 4823 557 4878 non
632 4794 1204 4887 disturbentur
1282 4802 1913 4895 Ecclesiasticae
1999 4803 2554 4926 functiones]
2651 4812 2864 4895 intra
2955 4811 3145 4921 ipsis
3245 4805 3768 4918 designatum

388 4916 922 5022 praemissum
998 4918 1465 5012 districtum
1530 4923 1939 5014 tradendo
2014 4929 2191 5032 sic,
2261 4950 2345 5015 et
2425 4929 2990 5043 poenitentiae
3075 4931 3772 5029 Sacramentum,

387 5028 631 5147 (sola
694 5031 1027 5151 dempta
1115 5040 1659 5134 Confessioue
1718 5045 2088 5135 Paschali
2128 5108 2152 5152 ,
2231 5049 2296 5133 si
2364 5047 2738 5136 locorum
2824 5051 3205 5136 curiones
3294 5048 3532 5133 ultro·
3592 5077 3763 5132 non

388 5178 869 5241 annuerent
912 5156 950 5272 )
996 5219 1021 5263 ,
1110 5160 1727 5253 sacrosanctam
1792 5196 1993 5255 vcro
2066 5165 2675 5255 Eucharistiam
2716 5233 2758 5276 ,.
2815 5199 2980 5255 non
3039 5171 3192 5255 nisi
3262 5169 3346 5257 in
3435 5167 3765 5280 propria

388 5300 680 5365 eorum
729 5272 1211 5367 Monasterii
1260 5279 1695 5391 Ecclesia,
1764 5287 1896 5377 vel
1964 5285 2207 5391 alibi,
2275 5285 2564 5375 habito
2642 5292 2724 5374 in
2805 5285 2893 5375 id
2960 5285 3570 5401 praedictorum
3620 5318 3768 5375 cu·

390 5394 719 5481 rionum
774 5426 1104 5489 assensu
1142 5461 1167 5506 ,
1237 5395 1947 5517 administrand03
2026 5411 2334 5518 aegris,
2425 5431 2508 5495 et
2560 5408 3076 5496 moribundis
3130 5408 3514 5497 solatium
3568 5426 3779 5497 cum'

392 5515 693 5600 auxilio
743 5514 1309 5631 impendendo
1355 5583 1378 5626 ,
1456 5543 1710 5640 atque
1769 5556 1863 5614 ea
1929 5530 2206 5617 omnia
2279 5526 2616 5616 demum
2687 5528 3220 5644 peragendO,
3290 5558 3502 5649 quae
3555 5525 3770 5613 indi-

389 5626 741 5727 viduum
819 5637 1311 5731 Missionarii
1388 5644 1840 5763 Apostolici
1917 5649 2165 5763 exigit
2239 5681 2548 5739 munus
2593 5713 2618 5756 ‚
2685 5654 2870 5762 jure
2954 5651 3424 5767 sepulturae
3472 5710 3499 5757 ,
3576 5647 3774 5739 alic-

2684 5769 2960 5860 Rka
