4834 6409
3627 447 3631 457 ‚
3681 390 3735 475 3

420 516 766 640 aliisque
824 507 1204 616 locorum
1255 498 1780 608 ordinariis,
1865 473 2024 587 nec
2092 523 2265 586 non
2332 493 2797 590 baereticae
2867 502 3293 618 pravitatis
3329 421 3803 625 inquisito?

413 638 711 743 ribus5
759 653 858 719 ut
909 622 1553 720 contradictores
1586 684 1613 729 ‚
1651 641 1735 710 et
1768 620 2118 708 rebelles
2169 645 2746 739 quoscumque
2791 629 2940 739 per
2990 655 3376 713 censuras
3404 684 3431 733 ,
3482 650 3567 713 et
3594 659 3798 744 poe.

412 788 568 848 nas
616 749 1069 874 praefatas,
1128 748 1498 863 aliasque
1545 743 1753 861 juris
1788 805 1813 849 ,
1866 762 1951 828 et
1996 737 2195 828 sacti
2246 735 2664 851 remedia,
2711 746 3095 836 invocato
3146 749 3397 834 etiam
3446 744 3552 832 ad
3602 748 3796 856 hoc,

411 880 483 967 si
530 907 741 993 opus
785 870 1041 962 fuerit
1072 930 1098 977 ‚
1160 866 1478 956 brachii
1531 864 1965 958 saecularis
2025 863 2329 951 auxilio
2364 923 2390 972 ‚
2458 866 2801 960 omnino
2872 889 3356 974 coerceant,
3419 888 3519 955 et
3570 899 3796 959 com.

532 997 767 1086 llant.

421 1029 612 1217 μς.
681 1114 763 1201 5.
827 1109 1239 1200 Volumus
1289 1130 1611 1215 autem,
1663 1129 1760 1194 ut
1807 1099 2289 1192 earumdem
2322 1112 2878 1221 praesentium
2927 1109 3502 1225 transumptis,
3543 1110 3796 1198 etiam

385 1221 839 1353 'impressis
868 1296 894 1340 ,
945 1262 1205 1322 manu
1256 1230 1606 1345 alicujus
1639 1225 1960 1315 Notarii
2006 1224 2324 1340 publici
2376 1231 2857 1348 subscriptis
2891 1291 2916 1335 ,
2955 1251 3040 1316 et
3084 1231 3351 1342 sigillo
3395 1258 3796 1344 personae

424 1359 515 1442 in
598 1354 1028 1467 Dignitate
1096 1352 1676 1439 Ecclesiastica
1742 1349 2233 1435 constitutae
2306 1353 2652 1436 munitis
2704 1413 2729 1453 ‚
2815 1348 3108 1438 eadem
3188 1347 3396 1435 fides
3447 1371 3799 1462 'prorsus

396 1473 973 1581 adhibeatur,
1047 1502 1262 1593 quae
1309 1473 1502 1587 ipsis
1567 1469 2100 1583 originalibus
2176 1467 2433 1556 literis
2482 1465 3019 1558 adhiberetur
3052 1531 3078 1578 ‚
3127 1471 3198 1555 si
3244 1465 3519 1560 forent
3570 1466 3793 1557 exhi-

414 1594 647 1684 bitae
685 1658 711 1703 ,
760 1594 899 1686 vel
948 1615 1340 1682 ostensae.
2420 1605 2430 1612 ’
3781 1632 3787 1638 ·

537 1717 609 1816 S.
671 1719 755 1804 6.
820 1712 1060 1800 Nulli
1121 1743 1315 1826 ergo
1396 1710 1841 1797 hominum
1899 1708 2145 1796 liceat
2202 1706 2424 1797 hanc
2482 1712 2868 1825 paginam
2936 1729 3262 1798 nostrae
3310 1705 3792 1797 declaratio-

415 1835 550 1920 nis
586 1897 612 1941 ,
666 1833 1271 1942 damnationiS,
1320 1828 1750 1935 mandati,
1810 1827 2442 1945 prohibitionis,
2495 1854 2580 1941 et
2626 1827 3232 1919 interdictionis
3279 1826 3728 1942 infringere
3761 1889 3789 1934 ‚
3921 1851 3926 1858 '

420 1954 560 2043 vel
610 1956 688 2043 ei
735 1985 946 2044 ausu
992 1956 1428 2043 temerario
1492 1952 1920 2042 contraire.
1990 1949 2076 2035 Si
2124 1954 2310 2070 quis
2359 1974 2636 2040 autem
2687 1952 2849 2040 boc
2897 1972 3298 2041 attentare
3365 1966 3789 2064 praesum·

418 2075 728 2187 pserit,
783 2071 1448 2187 indignationem
1500 2071 2118 2189 omnipotentis
2162 2070 2372 2178 Dei,
2440 2105 2537 2162 ac
2586 2074 3032 2163 Beatorum
3078 2072 3365 2179 Petri,
3416 2091 3500 2158 et
3552 2067 3795 2157 Pauli

334 2233 339 2238 ·
418 2193 1017 2308 Apostolorum
1064 2198 1246 2310 ejus
1293 2225 1381 2280 se
1439 2194 1764 2281 noverit
1837 2194 2410 2279 incursurum.
3576 2257 3579 2262 .

537 2312 861 2402 Datum
910 2316 1222 2401 Romae
1296 2310 1521 2429 apud
1571 2312 1650 2399 S.
1688 2310 2041 2398 Mariam
2088 2312 2499 2428 Majorem
2546 2312 2799 2401 Anno
2847 2311 3447 2401 Incarna-tionis
3492 2304 3790 2398 Domi-

423 2431 667 2520 nicae
712 2435 1152 2521 millesimo
1199 2434 1924 2552 septingentesimo
1989 2429 2563 2531 decimotertio
2598 2497 2624 2544 ,
2702 2455 2925 2524 sexto
3008 2431 3200 2522 idus
3247 2429 3792 2553 Septembris,

421 2547 967 2643 pontificatus
1015 2552 1299 2642 Nostri
1346 2584 1569 2641 anno
1622 2550 2226 2641 decimotertio.

574 2920 925 3005 Manita
986 2916 1475 3004 Pastoralia
1541 2915 1867 3002 Christi
1905 2911 2321 3031 fidelibus
2365 2910 2604 3040 =data
2684 2914 3080 3003 adversus
3146 2931 3624 3003 recusantes

965 3036 1523 3123 obedientiam
1578 3053 2014 3143 praestare
2068 3036 2678 3120 Constitutiom‘
2720 3037 3252 3149 UnigenituS.

908 3271 1925 3389 CLEMENS
2051 3197 3307 3400 EPISCOPUS

1579 3518 1885 3610 Servus
1953 3518 2399 3611 Servorum
2449 3518 2638 3609 Dei.

551 3759 648 3848 U
634 3761 980 3851 niversis
1051 3755 1374 3844 Christi
1383 3756 1788 3875 fidelibus
1840 3776 2315 3870 praesentes
2364 3760 2655 3845 literas
2705 3762 3202 3875 inspecturis
3247 3757 3605 3848 salutem
3643 3776 3676 3870 ,'

434 3895 447 3902 ·
1360 3895 1443 3963 et
1500 3877 2087 3994 Apostolicam
2142 3879 2852 3977 Benedictionem.

554 4019 700 4205 P
713 4115 1080 4204 astoralis
1141 4114 1398 4205 officii
1437 4180 1463 4224 ,
1531 4114 1760 4235 quod
1810 4122 2145 4233 superni
2195 4116 2728 4236 dispositione
2778 4120 3101 4207 consilii
3160 4120 3520 4232 gerimus
3549 4179 3574 4227 ,
3648 4149 3793 4207 cu·

427 4269 521 4326 ra
591 4235 767 4322 Nos
834 4234 1229 4341 admonet
1262 4299 1288 4341 ,
1352 4257 1451 4321 ut
1497 4239 1991 4326 Animarum
2040 4242 2287 4327 saluti
2345 4240 2664 4360 'ubique
2724 4261 3127 4330 terrarum
3174 4237 3789 4354 procurandae,

428 4388 527 4445 ac
576 4359 1052 4472 praesertim
1100 4351 1596 4443 orthodoxae
1645 4353 1905 4466 fidei,
1956 4362 2134 4448 sine
2186 4391 2352 4479 qua
2429 4361 2933 4478 impossibile
2996 4382 3117 4450 est
3161 4360 3489 4477 placere
3536 4360 3724 4451 Deo
3760 4423 3792 4464 ‚

426 4479 770 4594 puritati
815 4474 1268 4567 servandae
1317 4476 1548 4562 omni
1595 4473 1872 4564 studio
1923 4478 2514 4592 advigilemus.-
3245 4524 3253 4528 „
3879 4524 3888 4532 ·

545 4610 623 4708 S.
685 4628 758 4683 1.
806 4595 1268 4714 Eapropter
1302 4626 1495 4683 cum
1545 4599 1635 4682 in
1685 4597 2189 4717 quibusdam
2238 4602 2456 4688 ultra
2490 4624 2814 4690 montes
2872 4602 3318 4718 provinciis
3351 4661 3376 4708 ,
3430 4624 3513 4689 et
3560 4629 3796 4718 prae·
3809 4579 4167 4740 (13Πέἒῇ

428 4718 673 4834 cipue
735 4722 824 4804 in
874 4720 1375 4835 amplissimo
1423 4715 1743 4807 Galliae
1792 4750 2045 4833 regno
2082 4783 2108 4830 ‚
2157 4724 2383 4813 varia
2431 4752 2872 4839 pravarum
2946 4721 3510 4809 doctrinarum
3546 4784 3572 4832 ,
3627 4726 3791 4807 imo
3816 4766 3916 4834 nis
3946 4696 4172 4833 flibrix

428 4859 515 4925 et
578 4837 1010 4927 haeresum
1089 4840 1397 4926 semina
1435 4900 1461 4947 ‚
1512 4842 1947 4929 woccasione
2006 4839 2375 4930 damnati
2460 4840 2897 4961 cujusdam
2958 4841 3156 4929 libri
3219 4842 3515 4955 gallico
3586 4839 3791 4931 idio·
3816 4861 4177 4925 Lenoumu

427 4980 648 5046 mate
704 4963 875 5076 jam
939 4955 1266 5075 pridem
1310 4957 1513 5047 editi
1558 4961 1719 5047 sub
1771 4960 2062 5049 titulo:
2119 4962 2197 5047 le
2243 4994 2624 5053 nouveau
2693 4963 2779 5050 T
2767 4980 3174 5050 estament
3229 4994 3336 5048 en
3380 4962 3793 5051 Francois
3816 4955 4170 5108 §⁶⁸¹ng-

426 5106 626 5163 avec
698 5077 842 5165 des
888 5078 1346 5197 reflexions
1436 5080 1793 5168 morales
1854 5113 1999 5167 sur
2079 5083 2405 5201 chaque
2465 5101 2727 5173 verset
2772 5102 2926 5169 etc.
2998 5084 3267 5172 Aliter
3311 5113 3566 5175 vero:
3668 5076 3796 5166 A·
3818 5055 4098 5202 &503⁸
4150 5073 4181 5091 “

426 5195 675 5316 breg&
733 5197 836 5282 de
898 5199 988 5284 la
1046 5196 1394 5285 Mor-ale
1452 5197 1557 5284 de
1615 5200 2091 5322 I'Evangile
2123 5267 2149 5311 ,
2209 5203 2353 5289 des
2410 5203 2671 5293 Actes
2736 5202 2884 5292 des
2946 5203 3307 5320 Apotres
3338 5265 3362 5312 ,
3410 5199 3554 5286 des
3587 5197 3795 5314 Epi·
3824 5225 4108 5319 Πηιξςεηί-

423 5334 590 5414 tres
649 5315 755 5401 de
812 5319 1060 5405 Saz‘nt
1126 5318 1365 5405 Paul
1397 5381 1425 5427 ,
1484 5317 1630 5408 des
1690 5321 2029 5435 Epitres
2096 5326 2629 5446 Canoniques
2682 5390 2707 5434 ,
2800 5342 2885 5410 et
2943 5323 3048 5410 de
3127 5320 3721 5441 Z’Apocah‘pse
3764 5383 3791 5431 ,
3819 5333 3935 5387 Μ·

427 5438 564 5522 vel
626 5438 985 5528 Pensees
1040 5440 1575 5527 Chretiennes
1634 5471 1787 5525 sur
1834 5441 1916 5529 le
1975 5443 2061 5530 T
2050 5463 2247 5530 exte
2303 5443 2408 5530 de
2468 5477 2600 5533 ces
2665 5446 2916 5534 liores
2967 5474 3242 5531 sacres
3287 5460 3442 5531 etc.
3497 5444 3797 5557 germi-

432 5585 627 5644 nare
699 5563 1415 5677 cognovissemus3
1483 5557 1780 5654 iisdem
1844 5559 2359 5656 eradicandis
2403 5629 2430 5676 ,
2496 5564 2779 5657 Nostri
2852 5595 3022 5653 non
3088 5566 3365 5655 minus
3424 5564 3796 5656 muner-is
