4834 6409
1067 489 1178 602 48
1251 604 1963 697 COLLEGIUM
1999 673 2024 719 ,
2084 605 2337 702 ‘SEU
2404 558 3145 698 SEMINARIUM
3210 608 3440 699 PRO
3500 609 4259 704 MISSIONIBUS.

1193 851 1307 937 ll.
1376 853 1600 940 Cum
1649 849 2359 944 Missionariorum
2423 857 2728 939 munus
2777 882 2971 939 vere
3033 854 3573 967 apostolicum
3627 857 3732 940 sit
3765 918 3791 960 ,
3847 855 4109 942 Patris
4156 854 4440 943 Gene-.

1064 970 1262 1073 ralis
1315 975 1810 1063 conscientia
1860 997 2292 1086 gravetur,
2356 998 2454 1060 ut
2504 975 2834 1059 nonnisi
2901 971 3228 1062 Fratres
3295 976 3642 1085 regulari
3699 973 4132 1089 disciplina
4169 1038 4194 1082 ,
4250 1005 4443 1091 pro-

1063 1091 1329 1181 bitate
1381 1127 1707 1182 morum
1735 1158 1765 1198 ,
1828 1117 1913 1181 et
1960 1091 2137 1181 zelo
2172 1090 2687 1206 gloriaeDei
2734 1089 3146 1208 praeditos
3179 1157 3211 1195 ,
3276 1118 3358 1179 et
3391 1091 3498 1179 ad
3548 1098 4011 1181 animarum
4065 1095 4421 1182 salutem

1073 1216 1367 1303 eximia
1421 1215 1814 1302 charitate
1865 1245 2299 1321 accensos,
2364 1215 2662 1325 eligat,
2716 1216 3031 1331 quique
3080 1210 3655 1330 Philosophiae
3689 1277 3715 1321 ,
3782 1244 3874 1301 ac
3925 1213 4434 1328 Theologiae

1063 1331 1339 1420 studia
1408 1333 1935 1421 laudabiliter
1993 1335 2552 1448 expleverint:
2587 1349 2884 1453 'utque
2944 1330 3315 1444 validius,
3367 1334 3689 1420 labores
3750 1333 4241 1423 Missionum
4291 1366 4433 1422 su·
4536 1347 4545 1368 ¹

1062 1455 1372 1541 stinere
1434 1457 1745 1570 possint
1795 1517 1817 1559 ‚
1886 1485 2053 1540 non
2106 1457 2464 1540 minores
2527 1456 2692 1539 sint
2740 1453 3446 1570 vigintiquatuor
3508 1456 3745 1540 annis
3780 1519 3809 1559 ,
3873 1484 4028 1541 nec
4077 1461 4440 1572 majores

1052 1574 1395 1685 triginta
1474 1578 1903 1696 quinque,
1965 1607 2058 1660 ac
2132 1574 2465 1660 robusta
2534 1575 2901 1687 corporis
2961 1572 3442 1660 valetudine
3502 1571 3918 1685 gaudeant
3965 1572 4070 1659 ad
4121 1578 4429 1689 jugiter

1059 1691 1619 1780 laborandum
1686 1700 1768 1782 in
1821 1699 2060 1781 vinea
2145 1693 2514 1779 Domini.
2583 1695 2780 1802 Quo
2839 1723 3039 1779 vero
3088 1695 3587 1807 apostolicus
3652 1694 4146 1778 Missionum
4206 1695 4441 1808 spiri-

1062 1834 1204 1901 tus
1258 1846 1403 1930 per
1450 1839 1717 1901 totum
1771 1812 2286 1931 praedictum
2341 1813 2751 1900 Ordinem
2805 1808 3378 1918 diffundatur,
3444 1810 3664 1900 idem
3716 1813 3958 1899 Pater
4007 1813 4438 1901 Generalis

1067 1967 1167 2023 ex
1219 1936 1607 2021 omuibus
1660 1937 2113 2024 Provinciis
2148 1999 2171 2040 ,
2228 1959 2309 2022 et
2359 1935 2859 2020 Nationibus
2898 1997 2922 2039 ‚
2991 1965 3205 2051 quae
3257 1931 3637 2020 eamdem
3675 1930 4435 2045 congregationem

1072 2081 1639 2168 componunt,
1709 2081 2086 2176 quaeque
2137 2058 2291 2169 ipsi
2367 2051 2836 2159 obediunt,
2907 2085 3163 2140 novos
3214 2052 3641 2140 studentes
3687 2083 4113 2140 accersere
4165 2076 4425 2158 curet,

1072 2173 1531 2262 dummodo
1607 2175 2043 2291 praedictis
2125 2175 2666 2293 qualitatihus
2742 2170 3091 2287 praediti
3160 2176 3432 2270 *sintzf
3493 2196 3993 2291 moneatque
4092 2177 4428 2289 insuper

1070 2295 1688 2403 Provinciales,
1758 2299 2288 2413 Superiores,
2357 2295 2767 2410 aliosque,
2833 2298 3156 2409 si·opus
3206 2291 3513 2395 fuerit,
3579 2292 4080 2404 Religiosos,
4146 2324 4253 2380 ne
4301 2325 4437 2379 ac-

1054 2413 1372 2504 cedere
1420 2418 1790 2504 volentes
1855 2419 2027 2502 ullo
2076 2413 2329 2502 modo
2398 2412 2822 2503 retrahant
2856 2479 2886 2518 ,
2947 2437 3031 2500 et
3081 2435 3363 2500 contra
3423 2413 3626 2502 tales
3674 2410 4291 2518 dissuadentes,
4356 2436 4441 2499 et

1067 2535 1288 2623 male
1339 2537 1860 2658 consulentes
1894 2601 1919 2645 ,
1971 2568 2279 2651 poenas
2342 2536 2896 2623 comminetur
2945 2535 3434 2650 privationis
3506 2534 3820 2621 activae
3851 2596 3876 2640 ,
3939 2558 4023 2621 et
4070 2535 4435 2649 passivae

1070 2657 1301 2742 vocis
1335 2721 1367 2760 ,
1430 2658 1792 2777 aliasque
1843 2658 2181 2743 arbitrio
2232 2658 2528 2746 Sacrae
2577 2651 3281 2764 Congregationis.

1198 2775 1353 2874 111.
1419 2777 1518 2862 In
1582 2781 1760 2892 ipso
1810 2780 2175 2886 ingressu
2229 2776 2532 2888 singuli
2583 2776 2961 2859 exercitia
3011 2773 3463 2889 spiritualia
3511 2796 3903 2887 peragant
3954 2803 4097 2889 per
4147 2770 4434 2860 decem

1071 2918 1214 2981 aut
1261 2897 1545 2982 saltem
1629 2920 1815 2983 octo
1877 2897 2105 3002 dies,
2174 2928 2368 2982 cum
2435 2925 2684 2990 omn—e
2760 2890 3043 2978 datum
3125 2898 3589 3007 optimum,
3656 2915 3762 2979 et·
3806 2909 4053 2978 omne
4116 2890 4436 2978 donum

1072 3011 1537 3131 perfectum
1590 3013 2023 3102 desursum
2073 3019 2239 3120 sit,
2287 3011 2797 3101 descendens
2848 3047 2888 3099 a
2945 3015 3185 3100 Patre
3236 3013 3707 3125 luminum3
3773 3036 3858 3098 et
3918 3009 4229 3099 deinde
4280 3017 4433 3099 im·

1076 3131 1434 3221 mediate
1480 3136 1565 3219 in
1635 3137 2020 3224 manibus
2075 3135 2332 3221 Patris
2383 3132 2850 3239 Generalis,
2915 3157 3055 3224 aut
3108 3165 3208 3222 eo
3259 3134 3602 3220 absente
3635 3196 3665 3237 ,
3725 3134 3979 3247 ipsius
4029 3131 4438 3220 Commis-

975 3253 985 3264 ’
1072 3255 1321 3359 sarii,
1381 3255 1518 3344 vel
1578 3256 1910 3342 alterius
1974 3257 2081 3342 ab
2159 3287 2259 3342 eo
2343 3250 2853 3370 deputandi,
2908 3258 3469 3365 juramentum
3535 3258 3762 3368 juxta
3835 3248 4434 3365 infrascriptam

1070 3369 1511 3462 formulam
1561 3401 2025 3491 praestent,
2077 3372 2455 3493 illudque
2507 3370 2609 3460 ad
2642 3375 2970 3460 Sacram
3011 3373 3758 3486 Congregationem
3813 3375 4431 3460 transmittatur.

1073 3494 1462 3583 Formula
1515 3500 1961 3610 juramenti
2025 3495 2405 3584 talis-est.
2881 3585 2886 3591 ,

1192 3614 1381 3734 Ego
1455 3618 1610 3701 Fr.
1659 3616 1778 3704 N.
1836 3616 2269 3733 Prcffessus
2336 3621 2429 3701 in
2499 3617 2925 3700 Conventa
3026 3617 3526 3701 Provinciae
3623 3609 3737 3700 N.
3837 3611 4186 3699 Ordinis
4250 3614 4433 3698 PP.

1073 3734 1807 3820 Disealceatorum
1839 3739 2442 3823 Sanctissimae
2485 3736 2938 3822 Trinitatis
2965 3734 3586 3850 Redemptionis
3645 3734 4191 3846 Captivorum
4226 3736 4450 3817 Con·>

1070 3859 1587 3972 gregationis
1638 3858 2255 3970 Hispaniarum
2309 3862 2520 3972 juro
2569 3919 2595 3961 ,
2683 3873 2764 3939 et
2804 3860 3206 3970 promitto
3300 3860 3388 3938 in
3458 3857 3847 3940 manibus
3909 3855 4444 3937 Reverentiae

1081 3973 1436 4063 Vestrae
1479 3975 1597 4065 ,N-
1622 4023 1662 4085 ·,
1724 3982 1896 4064 sive
1954 3979 2425 4092 Superioris
2477 3975 2878 4091 Delegati
2900 4038 2936 4080 ,
3010 3987 3142 4058 me
3190 3976 3296 4059 ab
3346 3978 3502 4061 hoc
3548 3975 4030 4060 Seminario
4087 4004 4256 4057 non
4314 3971 4444 4057 di-

1075 4124 1540 4185 scessurum
1589 4161 1619 4201 ,
1679 4129 1945 4213 neque
2000 4095 2417 4182 discedere
2495 4114 3149 4211 procuraturum
3235 4095 3597 4181 mediate
3640 4157 3666 4200 ,
3752 4092 3884 4179 vel
3953 4090 4443 4178 immediate

1062 4206 1220 4327 per
1265 4246 1399 4299 me
1433 4278 1459 4322 ,
1523 4216 1658 4303 vel
1699 4248 1855 4331 per
1931 4222 2508 4331 interpositam
2564 4245 3010 4329 personam
3047 4277 3072 4321 ,
3139 4220 3312 4301 nisi
3370 4249 3486 4301 ex
3539 4214 3927 4334 legitima
3976 4244 4234 4300 causa
4295 4213 4440 4299 ad·

1073 4333 1481 4420 mittenda
1536 4367 1591 4420 a
1640 4338 2128 4422 Reverentia
2181 4337 2492 4425 Vestra
2518 4399 2549 4440 ,
2633 4333 2767 4420 vel
2808 4366 2863 4418 a
2928 4335 3260 4426 Vestris
3342 4331 3511 4422 Suc
3523 4336 3979 4420 cessoribus
4038 4338 4441 4420 canonice

1076 4455 1581 4542 intrantibus
1612 4518 1640 4574 ,
1703 4476 1782 4540 et
1846 4489 2009 4541 non
2059 4458 2298 4541 alias.
2368 4458 2722 4568 Insuper
2771 4486 2929 4567 pro
2975 4453 3235 4540 Fidei
3287 4455 3780 4541 Catholicae
3829 4452 4437 4572 propagandae

1068 4604 1324 4659 causa
1355 4635 1379 4679 ,
1430 4594 1511 4658 et
1553 4574 1825 4660 salute
1871 4576 2356 4694 Infidelium
2411 4573 2949 4689 procuranda
2975 4637 3006 4678 ,
3039 4573 3175 4658 ad
3213 4585 3409 4660 eu'm
3466 4575 3740 4660 locum
3770 4639 3795 4683 ,
3862 4577 4440 4678 Provinciam,

1067 4723 1212 4777 seu
1294 4695 1672 4811 Regnum
1725 4702 1920 4783 sine
2006 4698 2302 4816 aliqua
2382 4698 2946 4812 repugnantia
2975 4754 3001 4800 ,
3068 4712 3219 4778 aut
3275 4701 3769 4808 exceptione
3843 4701 4164 4781 iturum
4213 4758 4238 4802 ,
4327 4693 4445 4778 ad

1069 4841 1316 4928 quem
1352 4877 1375 4921 ,
1438 4846 1584 4912 seu
1632 4814 1857 4930 quod
1904 4848 1959 4900 a
2010 4818 2322 4905 Vestra
2385 4818 2874 4901 Reverentia
2954 4844 3096 4899 ero
3143 4814 3604 4902 destinatus
3642 4878 3664 4920 ‚
3752 4835 3830 4901 et
3892 4822 4218 4902 missus.
4292 4816 4438 4922 Sic

1067 4963 1203 5016 me
1246 4935 1482 5019 Deus
1532 4934 1917 5052 adjuvet,
1982 4957 2064 5021 et
2143 4938 2348 5021 haec
2397 4936 2720 5020 Sancta
2760 4935 2938 5018 Dei
3009 4932 3501 5055 Evangelia.
3567 4936 3752 5055 Ego
3814 4934 3936 5024 N.
3985 4935 4104 5025 N.
4198 4934 4438 5053 affir-

1065 5084 1202 5138 mo
1235 5114 1260 5158 ‚
1318 5073 1409 5138 ut
1459 5086 1714 5167 supra
1749 5120 1772 5158 ,
1835 5088 2093 5142 manu
2157 5059 2528 5169 propria.
4526 5100 4530 5104 ·

1191 5173 1334 5257 IV.
1405 5175 1503 5259 ln
1562 5175 2019 5263 Seminario
2066 5196 2604 5293 permaneant
2650 5174 2911 5291 spatio
2971 5179 3217 5264 trium
3280 5206 3684 5264 annornm
3718 5244 3747 5283 ,
3812 5197 3896 5263 et
3949 5205 4119 5263 non
4185 5175 4428 5275 ultra,
4481 5199 4490 5208 ·

1068 5324 1237 5411 quo
1282 5294 1579 5382 melius
1641 5299 1964 5382 vocatio
2012 5300 2412 5412 probetur
2442 5360 2467 5404 ,
2520 5318 2605 5381 et
2657 5297 2903 5413 plene
2948 5299 3040 5387 >in
3092 5291 3384 5387 studiis
3419 5362 3443 5405 ,
3511 5299 4124 5417 apostolicaque
4189 5290 4437 5377 disci·

1064 5414 1292 5528 plina
1353 5416 1955 5525 instituantur„
2655 5427 2660 5434 ’

1185 5533 1287 5618 V.
1357 5534 1455 5618 In
1507 5535 1898 5622 omnibus
1949 5534 2441 5651 Collegiales
2489 5535 2863 5648 subsint,
2928 5563 3178 5657 prout
3226 5538 3473 5628 etiam
3526 5540 3973 5648 Lectores,
4036 5529 4427 5625 obedien-

1072 5654 1232 5741 tiae
1286 5653 1547 5741 Patris
1598 5653 2054 5768 praesidis,
2119 5663 2264 5781 qui
2329 5691 2481 5776 pro
2531 5661 2988 5748 Seminario
3035 5693 3080 5748 a
3134 5659 3379 5747 Patre
3429 5662 3819 5753 Generali
3884 5657 4229 5749 Ordinis
4292 5658 4433 5743 eli·
