4834 6409
1122 407 1296 525 ²94
2969 436 3008 454 ‘

1156 574 1170 588 ·
1906 600 1917 611 .
2491 535 2635 629 De
2691 532 3118 625 sacrm-io.

813 764 1043 832 sacr-o
1231 768 1304 871 S.
1342 766 1424 859 5.
1454 767 1971 859 conficiatur
2019 763 2231 859 infra
2279 800 2646 864 mensem
2700 773 3271 864 Inventarium
3313 806 3727 865 sacrarum
3764 805 3858 861 su
3922 775 4493 892 pellectilium,

721 854 1199 1027 {amet
1256 889 1839 982 linteaminum
1877 950 1903 998 ,
1953 885 2387 1008 descriptis
2438 896 2688 985 etiam
2737 899 3142 1008 argenteis
3189 897 3525 985 vasibus
3553 960 3582 1003 ,
3630 918 3716 983 et
3764 806 4140 987 osticium
4189 897 4491 987 Custo-

732 1037 1067 1122 μογερὰ.
1104 1004 1239 1102 dis
1284 1012 1391 1101 sit
1436 1014 1714 1103 omnia
1765 1014 1853 1100 in
1903 1040 2057 1097 suo
2115 1011 2407 1102 ordine
2456 1012 2850 1132 disposita,
2924 1044 3091 1111 non
3173 1020 3452 1105 minus
3510 1014 3869 1105 fideliter
3915 1079 3942 1123 ‚
4004 1048 4255 1137 quam
4293 1051 4491 1138 per-

1108 1128 1377 1247 pulite
1422 1163 1860 1223 asservare.

1226 1250 1680 1345 Addantur
1763 1250 2104 1341 armaria
2135 1313 2161 1361 ,
2240 1277 2331 1345 et
2372 1254 2624 1347 lintea
2655 1318 2681 1363 ,
2746 1278 2833 1343 et
2890 1285 3115 1349 sacra
3159 1256 3531 1375 supellex
3610 1254 4128 1347 commodius
4201 1281 4490 1347 exten·

1108 1366 1357 1461 datur
1391 1436 1415 1478 ,
1468 1370 1701 1492 quod
1749 1376 1816 1461 si
1866 1377 2237 1482 angustia
2301 1378 2646 1465 Sacrarii
2710 1406 2884 1461 non
2967 1381 3248 1465 omnia
3297 1368 3840 1467 custodienda
3904 1383 4262 1507 patiatur
4294 1445 4322 1491 ,
4390 1410 4490 1466 ex

1108 1489 1689 1603 Superioribus
1749 1491 2160 1581 cubiculis
2209 1525 2478 1581 unum
2524 1526 2677 1611 pro
2743 1493 2970 1599 dicto
3029 1529 3190 1584 usn
3235 1522 3719 1613 occupetur.

1224 1612 1617 1705 Planetae
1664 1611 1952 1703 viridis
1986 1672 2012 1718 ,
2065 1634 2149 1699 et
2195 1616 2539 1706 violacei
2626 1615 2920 1703 coloris
2978 1649 3173 1704 cum
3223 1615 3556 1706 duobus
3604 1619 4037 1738 manipulis
4120 1640 4207 1708 et
4253 1620 4484 1707 stolis

1105 1730 1317 1824 albis
1368 1758 1896 1825 renoventur.

777 1847 1081 1918 officium
1130 1909 1141 1915 -
1225 1852 1699 1945 Praefectus
1770 1859 2105 1969 spiritus
2154 1859 2265 1941 sit
2326 1857 2577 1943 etiam
2626 1852 3102 1943 Praefectus
3172 1857 3596 1957 Ecclesiae
3630 1919 3655 1964 ‚
3721 1881 3804 1944 et
3903 1858 4250 1946 Sacrarii
4286 1925 4317 1964 ,
4395 1884 4478 1948 et

711 1942 1027 2103 ξζζξξξὲἱ
1105 1977 1381 2061 omnia
1418 2037 1445 2081 ‚
1498 2007 1712 2094 quae
1763 1972 1870 2061 ad
1932 1982 2367 2094 utriusque
2437 1979 2913 2090 pertinent,
2996 2001 3375 2065 accurate
3425 1976 3807 2091 disponat
3855 2014 3882 2088 3
3950 2003 4034 2064 et
4090 1980 4474 2097 quolibet

1100 2123 1388 2181 mense
1435 2158 1462 2200 ‚
1533 2095 1910 2184 confecto
1993 2099 2360 2207 catalogo
2435 2096 2875 2182 Missurum
2921 2159 2949 2203 ‚
3038 2121 3123 2184 et
3187 2097 3689 2184 Orationum
3760 2094 4304 2186 dicendarum
4369 2103 4470 2191 ‚in

1102 2214 1478 2417 gualibet
1539 2221 2035 2307 recurrentis
2131 2219 2436 2306 mensis
2532 2213 3050 2315 hebdomada
3101 2282 3131 2322 ,
3226 2214 3336 2305 de
3395 2248 3742 2315 onerum
3828 2212 4472 2333 adimplemento

1166 2333 1541 2445 iligenter
1607 2342 1998 2454 inquirat.

2237 2580 2375 2664 De
2435 2581 2818 2663 oneribus
2895 2581 3344 2693 perpetuis.

706 2787 1074 2966 Legssogl'n‘
1215 2816 1280 2917 S.
1337 2848 1418 2930 9.
1488 2816 1583 2905 In
1650 2817 2159 2911 conficienda
2243 2790 2453 2908 nora
2505 2817 2807 2903 tabella
2860 2847 3214 2905 onerum
3264 2818 3699 2913 Missarum
3753 2820 3839 2903 in
3907 2814 4277 2902 Sacrario
4327 2817 4470 2907 de·

705 2990 851 3032 rum
899 2938 1441 3039 „abnuenda
1521 2939 1961 3035 adnotetur
2033 2945 2281 3030 Missa
2332 2961 2727 3056 perpetua
2788 2937 3080 3050 elapsis
3145 2942 3567 3027 mensibus
3639 2938 3919 3024 relicta
3987 2935 4093 3018 ab
4158 2936 4474 3055 Equite

710 3056 1067 3166 faciendum
1098 3056 1416 3143 Thoma
1470 3057 1887 3147 Deheram
1938 3069 2164 3177 juxta
2215 3059 2849 3148 declarationem
2901 3053 3366 3144 faciendam
3417 3095 3463 3148 a
3512 3060 3756 3145 Sacra
3806 3055 4467 3166 Congregatione

711 3152 1033 3220 ⁰¹¹⁰¹¹¹²²¹⁸·
1096 3176 1512 3279 Concilii,
1575 3204 1658 3265 et
1735 3178 1943 3268 infra
2022 3181 2231 3267 duos
2301 3209 2622 3281 menses
2705 3174 3100 3291 doceatur
3163 3174 3272 3264 de
3353 3167 4463 3293 adimplemento'omnium

1095 3295 1542 3405 legatorum
1586 3333 1603 3379 ε
1664 3300 2090 3388 Praeterea
2144 3305 2222 3385 in
2279 3299 2493 3384 libro
2543 3297 2975 3382 Missarum
3027 3298 3435 3385 scribatur
3482 3301 3811 3414 proprio
3861 3294 4464 3382 celebrantium

1095 3440 1500 3503 caractere
1558 3447 1716 3503 non
1782 3442 2108 3506 tantum
2173 3420 2401 3526 dies,
2455 3448 2745 3506 verum
2798 3421 3045 3505 etiam
3097 3417 3376 3508 Altare
3412 3482 3438 3527 ,
3506 3423 3592 3507 in
3645 3451 3815 3538 quo
3848 3480 3881 3519 ,
3948 3440 4032 3502 et
4081 3445 4231 3528 pro
4281 3423 4464 3539 qui·

1092 3534 1250 3621 bus
1327 3533 1573 3623 fuerit
1632 3539 2163 3629 celebratum.

2102 3782 2242 3866 De
2324 3755 2713 3892 Hospitio
2767 3761 3468 3898 Peregrinarum(

702 4000 1062 4153 HQ⁰³.⁸.‘¹¹¹²
1207 4023 1273 4120 S.
1360 4055 1437 4137 7.
1505 4022 1773 4111 Nemo
1858 4027 2306 4140 excipiatur
2368 4019 2750 4132 Hospitio
2796 4059 2830 4125 ,-
2896 4021 3049 4105 nisi
3111 4022 3215 4105 sit
3291 4019 3672 4135 Anglus‚
3751 4006 3864 4103 et‘
3912 4015 4464 4127 Catholicm,

699 4105 1005 4271 „2³52ss
1090 4142 1649 4259 praebeatque
1700 4146 1969 4231 literas
2020 4140 2604 4243 testimoniales
2650 4141 3169 4237 Vicariorum
3221 4140 3882 4255 Apostolicorum
3926 4137 4272 4248 Angliae
4302 4200 4327 4243 ,
4382 4162 4462 4224 et

700 4271 788 4350 di,
818 4287 882 4338 et
907 4298 1064 4361 quo·
1095 4259 1439 4347 Romam
1506 4267 1825 4348 venerit
1873 4263 2338 4361 devotionis
2389 4266 2656 4349 causa.
2727 4340 2736 4350 .

696 4375 761 4427 ²⁰
822 4378 1066 4456 tempo·
1211 4382 1626 4492 Peregrini
1690 4384 2009 4475 nobiles
2075 4416 2224 4500 per
2277 4379 2646 4469 triduum
2684 4443 2728 4489 ,ι
2778 4380 3182 4491 ignobiles
3235 4409 3383 4496 per
3433 4377 3607 4468 dies
3680 4401 3867 4463 octo
3918 4376 4293 4483 alantur,
4359 4378 4460 4460 si-

695 4476 783 4518 ’θ’
1090 4525 1232 4585 cut
1284 4524 1365 4586 et
1433 4501 1908 4590 Sacerdotes
1961 4568 1985 4612 ,
2054 4507 2251 4591 licet
2310 4502 2740 4588 nobilitate
2789 4498 3262 4612 fulgentes3
3341 4502 3426 4585 in
3503 4500 3840 4616 reliquis
3915 4498 4459 4583 observentur

1089 4624 1427 4739 antiqua
1482 4622 1835 4737 Hospitii
1892 4626 2209 4715 Statuta
2240 4688 2263 4731 ‚
2304 4645 2386 4715 et
2435 4623 2804 4709 Decreta·
2839 4618 3306 4717 cardinalis
3369 4618 3785 4707 Francisci
3837 4617 4262 4706 Barberini
4313 4617 4457 4701 Se-

1090 4771 1367 4827 moris.
2579 4768 2588 4778 ·
3311 4804 3326 4817 .
3999 4842 4006 4852 υ

1214 4862 1310 4946 In
1394 4865 1930 4980 eleemosynis
1967 4928 1991 4972 ‚
2052 4896 2271 4984 quae
2334 4859 2729 4962 laudabili
2805 4856 3405 4950 consuetudine
3478 4855 3853 4979 quotidie
3926 4889 4040 4975 ex·
4119 4883 4450 4941 mensae

1088 4982 1453 5103 reliquiis
1500 4998 1697 5100 'per'
1735 4989 2087 5100 cystulas
2169 4986 2448 5095 egenis
2498 4984 2965 5097 partiuntur
3000 5044 3040 5089 „
3084 4978 3430 5068 familias
3478 5008 3938 5096 pauperum
3987 4978 4450 5088 Anglorum

1088 5103 1711 5221 praeponendas
1774 5105 2289 5203 mandamus.

3567 5322 3613 5345 s

2178 5308 2191 5319 .
2272 5347 2456 5443 ‚De
2511 5310 3214 5447 „Volettidinaria

1204 5588 1268 5689 S.
1334 5586 1415 5673 8.
1483 5589 2007 5710 In'quolibet
2055 5584 2663 5680 valetudinarii
2732 5584 3121 5675 cubiculo
3196 5574 3581 5699 exiguum
3631 5581 4032 5673 habeatur
4106 5566 4448 5683 tintinaq

4473 6062 4480 6069 ,
4565 6046 4580 6059 .
