4834 6409
2320 558 2323 561 ,
3603 495 3650 561 2
3720 467 3770 553 3

390 596 915 713 disciplinam
981 599 1534 685 instaurarent
1581 654 1607 702 ‚
1672 616 1787 682 et·
1833 568 2419 720 quaecumque
2482 585 2591 685 ad
2667 586 3080 678 virtutum
3149 494 3776 680 'incrementu9m

384 716 853 838 proficua).
885 741 971 809 et
1036 719 1304 835 magis
1363 712 1816 817 necessaria
1900 716 2568 838 perspexissent,
2643 708 3299 843 praescriberent
3346 771 3376 831 ἶ
3464 709 3776 833 praeci-

391 858 879 957 pereatque.
906 920 913 927 .

570 951 578 957 “
598 950 605 960 ·
1100 950 1113 969 Ν

398 962 415 971 “
506 961 573 1057 3.
633 991 708 1042 α.
763 958 934 1046 Nos
984 938 1195 1045 vero⁸
1232 948 1904 1045 luculentissimis
1951 952 2436 1065 eorumdem
2488 948 3221 1040 praedecessorum
3269 948 3764 1037 Nostrorum
3835 948 3842 955 ’
3885 943 4162 1058 nestas

392 1081 753 1189 vestigiis
804 1080 1330 1183 insistentes5
1384 1101 1790 1196 quantum
1856 1068 2049 1162 cum
2100 1076 2474 1161 Domino
2522 1075 2943 1189 potuimus
2973 1135 2997 1178 ,
3068 1094 3378 1158 nostras
3424 1100 3762 1192 quoque
3783 1033 4148 1193 fflfffhi

386 1197 603 1307 hanc
682 1203 764 1283 in
855 1231 1027 1287 rem
1104 1223 1373 1314 partes
1435 1194 1807 1289 conferre
1892 1227 2055 1281 non
2123 1200 2606 1305 omisimus,
2687 1227 2781 1280 ac
2829 1215 3290 1309 ‚postquam
3353 1192 3758 1281 nonnulla
3785 1218 4081 1288 mandata

386 1308 599 1401 alibi·
650 1307 1018 1428 Collegia
1085 1319 1488 1405 ereximus
1525 1380 1550 1424 ‚
1594 1318 1996 1405 'salutaria
2064 1314 2321 1403 'etiam
2366 1315 2927 1429 'Apostolicae
2986 1311 3557 1427 providentiae
3603 1314 3759 1400 're·
3780 1309 4046 1418 collegii
4100 1401 4118 1422 ,

389 1434 665 1522 media
752 1439 1044 1524 ceteris
1110 1437 1358 1552 hujus
1409 1438 1671 1523 almae
1738 1437 2013 1522 Urbis
2057 1433 2522 1550 praedictae
2588 1433 2978 1543 Collegiis
3049 1420 3424 1520 adbiberi
3469 1431 3756 1518 -volui-
3777 1399 4123 1561 ἓξὲξ·

380 1587 617 1660 mus,
676 1587 891 1678 quae
961 1554 1302 1679 quidem
1359 1590 1461 1643 ne
1513 1556 1616 1641 ab
1670 1557 2040 1641 Ecclesia
2095 1559 2177 1657 S.
2231 1555 2604 1642 Thomae
2640 1618 2664 1659 ,
2727 1578 2813 1641 et
2861 1552 3240 1663 Collegio
3288 1550 3750 1660 Anglorum
3774 1585 4071 1657 meio,

382 1673 487 1761 de
541 1676 779 1765 Urbe
848 1697 1299 1790 nuncupat.
1382 1673 1824 1761 desiderari
1886 1698 2352 1788 pateremur
2389 1739 2413 1780 ,
2483 1672 2804 1761 dilectis
2865 1672 3053 1759 filiis
3107 1668 3400 1759 nostris
3446 1672 3752 1766 Joanni

382 1798 756 1884 Antonio
837 1794 943 1889 de
993 1797 1144 1881 Via
1186 1860 1214 1899 ,
1300 1820 1391 1891 et
1433 1796 1878 1887 Dominico
1932 1797 2256 1891 Riviera
2340 1794 2843 1907 presbyteris
2908 1796 2990 1879 S.-
3042 1795 3137 1880 R.
3195 1793 3297 1878 E.
3351 1791 3763 1880 Cardine·-

385 1914 604 2001 libus
656 1947 749 2000 ae
800 1915 1105 2001 dilecto
1158 1913 1330 2001 filio
1383 1915 1772 2025 Magistro
1825 1915 2207 2033 Phiiippo
2257 1913 2365 2000 de
2415 1915 2856 1999 Montibus
2899 1910 3216 2019 nostro,
3269 1936 3354 1999 et
3406 1915 3751 2027 Aposto-

382 2034 591 2120 licae
644 2031 879 2120 Sedis
927 2034 1267 2121 Notario
1319 2034 1953 2120 Prothonotario
2043 2058 2494 2147 nuncupat.
2569 2056 2651 2127 et
2702 2028 3381 2146 Congregationis
3443 2035 3747 2125 Vener.
3869 2140 3878 2149 .

382 2150 770 2242 Fratrum
839 2177 1301 2240 nostrorum
1356 2155 1435 2239 S.
1511 2154 1605 2245 R.
1665 2156 1761 2237 E.
1814 2153 2279 2270 praedictae
2327 2153 2898 2240 Car'dinalium
2978 2150 3560 2267 propagandae
3622 2153 3758 2239 Fi-

383 2270 519 2358 dei
603 2278 1255 2395 praepositorum
1340 2274 1791 2364 Secretario
1871 2276 1975 2361 ab
2051 2308 2274 2363 anno
2362 2276 2613 2391 1739.
2702 2274 2860 2361 tale
2934 2271 3302 2362 officium
3403 2277 3759 2367 commi..

379 2423 667 2480 s1mus.

498 2513 565 2612 S.
635 2514 716 2598 3.
786 2510 957 2621 Qui
1006 2544 1202 2600 sane
1265 2543 1415 2627 pro
1498 2516 1888 2625 singulari
1958 2515 2417 2626 sapientia,
2485 2513 2902 2625 religionis
2969 2516 3212 2618 zelo,
3304 2513 3758 2622 charitate,
3875 2524 4148 2595 Decreta

378 2644 465 2715 et'
544 2629 1027 2720 dexteritate
1075 2697 1102 2739 ‚
1167 2637 1550 2748 injuncto
1616 2623 1941 2720 muneri
2039 2666 2229 2721 cum
2317 2634 2960 2723 cumulatissime
3026 2632 3410 2721 fecissent
3491 2636 3680 2724 satis
3729 2615 3978 2739 ,⁸¹²⁶5⁸
4001 2618 4147 2691 ιω·

379 2752 784 2840 nonnulla
839 2783 990 2867 pro
1061 2777 1279 2841 recta
1333 2782 1608 2867 rerum
1661 2756 2036 2838 omnium
2089 2751 2796 2848 administratione
2845 2816 2870 2859 ‚
2941 2777 3025 2840 et
3084 2754 3527 2844 stabilitate
3587 2752 3759 2839 edi-

385 2866 693 2956 derunt
767 2868 1188 2979 Decreta,
1286 2873 1593 2958 tenoris
1669 2876 1812 3001 qui
1899 2875 2274 2999 sequitur
2325 2938 2353 2979 ‚
2416 2864 2811 2959 videlicet
2886 2907 2937 2959 :t
3017 2873 3370 2960 Decreta
3469 2874 3762 2965 Sacrae

376 2988 891 3196 {isigtilpnis
969 2989 1492 3109 Apostolicae
1563 2991 1985 3082 Ecclesiae
2049 2995 2129 3080 S.
2209 2993 2583 3083 Thomae
2633 3054 2658 3103 ‚
2736 3017 2820 3080 et
2886 2991 3232 3108 Collegii
3295 2995 3759 3109 Anglorum

451 3137 496 3194 e
660 3138 693 3190 r
757 3136 832 3192 e.
2989 3134 2996 3142 ·

1772 3194 1912 3318 De
1973 3231 2384 3321 Ecclesia.

396 3470 403 3475 ’
498 3468 567 3566 S·
623 3471 705 3576 4·
772 3466 992 3553 Cum
1045 3499 1142 3556 ex
1193 3469 1599 3586 inscripto
1646 3463 1918 3588 lapide
1991 3471 2099 3560 de
2163 3472 2806 3564 consecratione
2888 3474 3312 3563 Ecclesiae
3373 3501 3692 3566 constet
3780 3460 4143 3553 R⁰P⁸¹'⁸²³⁰·

378 3609 469 3670 ut
523 3589 606 3670 in
661 3587 1040 3704 quolibet
1101 3621 1322 3677 anno
1368 3592 1474 3676 V.
1530 3592 1826 3679 Kalen.
1881 3592 2272 3680 Octobris
2323 3595 2788 3683 celebretur
2871 3602 3546 3685 commemoratio
3587 3662 3610 3705 ,
3655 3548 3756 3683 sis
3781 3553 4143 3718 gngoeaen'

372 3736 533 3911 gna
588 3710 1290 3798 consecrationem
1341 3707 1816 3800 denotantia
1846 3775 1872 3820 ,
1952 3713 2339 3843 temporis
2387 3720 2875 3839 antiquitate
2926 3722 3158 3837 quasi
3218 3720 3547 3834 penitus
3598 3717 3756 3806 de-

420 3850 549 3913 eta
591 3890 616 3930 ,
669 3850 1195 3918 renoventur.
1402 3862 1409 3871 ·

498 3943 1009 4057 Reaptentur
1056 3949 1473 4041 lacunaria
1504 4016 1539 4061 ,
1589 3975 1676 4039 et
1723 3975 1937 4042 tecta
1967 4018 1991 4061 ,
2045 3984 2404 4072 quorum
2454 3958 2723 4072 portio
2771 3953 2876 4045 ad
2925 3953 3357 4046 meridiem
3405 3988 3753 4071 vergens

374 4059 802 4149 decliviori
870 4098 1065 4153 casu
1130 4066 1641 4184 deprimatur
1675 4136 1700 4179 ‚
1773 4079 2186 4162 renovatis
2265 4078 2511 4187 tignis
2559 4068 2903 4191 pluriali
2951 4109 3164 4196 aqua
3214 4075 3624 4164 marcidis.

495 4178 914 4292 Ligneum
989 4185 1281 4273 Altare
1345 4189 1426 4273 S.
1512 4189 1797 4278 Sabini
1868 4193 2263 4309 Episcopi
2328 4225 2428 4305 ex
2510 4192 2926 4311 lapidibus
3003 4218 3525 4287 construatur
3562 4259 3586 4304 ,
3664 4222 3750 4288 et

377 4299 661 4388 Altare
711 4302 950 4391 SSr’iii
999 4303 1395 4397 crucifixi
1430 4309 1533 4393 vin
1577 4309 2000 4397 lateribus
2038 4334 2582 4423 restauretur.

374 4532 381 4541 ·
493 4416 1096 4534 Antiphonaria
1136 4488 1166 4528 ‚
1231 4425 1589 4543 librique
1640 4428 2036 4519 Chorales
2101 4433 2370 4520 rubris
2452 4434 2949 4549 obtegantur
3014 4374 3520 4527 membranis
3572 4501 3598 4546 ,
3661 4461 3747 4527 et

372 4538 797 4675 Qricalchi
862 4546 1348 4634 muniantur
1396 4543 1703 4636 fibulis.
2092 4582 2097 4589 ·
2993 4548 2998 4553 ’

491 4658 1009 4752 Dealbentur
1077 4664 1453 4752 Tabulae
1516 4667 1894 4755 Chorum
1956 4666 2424 4762 dividentes
2472 4706 2517 4761 a
2582 4676 2942 4762 mesaula
2990 4676 3418 4765 Ecclesiae
3467 4710 3738 4793 supra·

367 4782 679 4911 posita,
750 4783 835 4868 in
916 4788 1155 4898 cujus
1220 4789 1729 4875 extremitate
1814 4791 2153 4900 erigitur
2228 4793 2638 4911 Sacellum
2694 4797 2991 4885 Beatae
3037 4798 3352 4889 Ma'riae
3422 4799 3741 4912 Virgini

372 4892 738 4985 dicatum
777 4962 803 5007 ,
891 4902 1116 5026 quod
1169 4903 1622 4993 decentiori
1674 4906 1935 4995 forma
1987 4910 2625 5001 custodiendum
2675 4913 3223 5017 decernimus.

376 5034 387 5045 ⁴
488 5010 716 5102 Cum
797 5050 895 5105 ex
966 5021 1204 5110 Bulla
1266 5024 1627 5138 Eugenii
1706 5024 1976 5144 Papae
2026 5016 2172 5117 IV.
2253 5062 2745 5123 concessum·
2810 5033 3080 5124 fuerit-
3119 5037 3545 5127 Ecclesiae
3607 5040 3743 5154 jus
3765 4994 4134 5167 ξ’ἐξῇἱξώ·

373 5132 846 5222 tumulandi
878 5158 937 5243 ,‘
976 5144 1428 5228 retineatur
1478 5145 1742 5250 liber,
1805 5149 1890 5233 in
1954 5179 2123 5269 quo
2174 5151 3141 5243 nomina-defunctorum
3183 5220 3208 5263 ‚
3286 5189 3742 5280 eorumque
3767 5206 3884 5270 pro
3925 5186 4131 5259 adno-

369 5252 938 5344 tumulationis
1016 5256 1191 5345 dies
1288 5257 1789 5352 adnotentur
1834 5328 1859 5370 ‚
1930 5300 2069 5357 ,ne
2153 5275 2689 5387 imposterum
2774 5275 3364 5388 ambigendum
3445 5281 3555 5366 sit
3636 5275 4128 5383 de¹⁸¹¹13³⁸¹¹ffi

370 5373 805 5492 privilegio
887 5409 1154 5501 nuper
1249 5384 1333 5474 in
1419 5381 1853 5476 ‚Iudicium
1933 5414 2315 5483 revocato
2390 5425 2434 5481 a
2516 5391 2890 5487 Parocho
2990 5398 3069 5484 S.
3149 5394 3549 5520 Stephani
3635 5395 3742 5491 de
3766 5365 4045 5447 mimhu,

374 5487 673 5589 Caeco.
3762 5473 4061 5621 ssssfw‘
