4834 6409
3077 485 3081 489 <
3663 464 3793 525 aa.

478 567 740 678 tingat
774 623 800 672 ‚
863 575 1332 679 opportune
1381 554 1495 644 in.
1518 552 2019 673 praemissis,
2068 586 2115 647 a
2160 553 2431 675 Nobis
2476 553 2895 676 provideri
2925 618 2961 664 ,
3015 571 3105 648 ot
3147 571 3248 643 ut
3293 545 3507 649 infra
3564 466 3846 645 indui-

476 689 650 800 geri
710 710 1237 795 summopere
1286 675 1787 765 desiderent.
2703 772 2708 777 p
3297 756 3304 765 ,
3817 738 3828 747 .

591 815 669 912 §.
720 811 803 912 4.
855 800 1029 888 Nos
1078 803 1293 915 ipsos
1341 818 1842 915 exponentes
1902 799 2396 914 specialibus
2441 795 2864 890 favoribus
2897 859 2929 904 ,
2990 816 3079 885 et
3125 797 3403 909 gratiis
3449 795 3841 918 prosequi
3861 787 4230 951 pssfffhm

472 923 882 1028 volentes,
910 946 1013 1010 et
1065 928 1356 1008 eorum
1391 917 1841 1028 singulares
1890 948 2306 1032 personas,
2340 953 2388 1006 a
2437 920 2871 1039 quibusvis
2918 918 3834 1026 excommunicationis,
3858 908 4199 1062 hujusgt-

464 1038 1025 1159 suspensionis
1056 1104 1088 1145 ‚
1149 1064 1235 1127 et
1261 1037 1752 1153 interdicti,
1818 1040 2162 1161 aliisque
2210 1040 2810 1128 Ecclesiastiois
2858 1038 3285 1126 sententiis
3310 1099 3337 1145 ,
3401 1040 3772 1127 censuris
3808 1064 3925 1148 ,di
3959 1050 4228 1135 eontra.

468 1186 557 1249 et
604 1163 892 1276 poenis
924 1194 985 1247 -a
1048 1163 1273 1274 jure,
1337 1159 1475 1246 'vel
1525 1157 1632 1244 ab
1697 1156 2036 1248 homine
2102 1162 2395 1279 quavis
2444 1163 2927 1266 occasione,
2977 1157 3113 1249 vel
3161 1189 3405 1246 causa
3458 1159 3640 1249 latis
3675 1220 3705 1266 ,
3740 1160 4232 1319 silgmggfflff

472 1282 782 1401 quibus
817 1272 1464 1401 quomodolibet
1492 1275 1935 1367 innodatae
1985 1283 2386 1388 existunt,
2426 1279 2532 1368 ad
2580 1277 2974 1368 effisctum
3006 1280 3564 1393 praesentium
3595 1276 3838 1367 dum·
3859 1339 4114 1409 riorum

468 1424 695 1487 taxat
742 1396 1423 1521 consequendum
1492 1396 1789 1486 harum
1852 1403 2059 1488 serie
2133 1400 2703 1510 absolventes,
2763 1422 2855 1488 et
2931 1398 3346 1487 absolutas
3409 1396 3588 1487 fore
3646 1430 3839 1489 cen-
3860 1428 4202 1500 Romnum

460 1518 793 1630 sentes,
857 1520 1598 1635 supplicationibus
1648 1520 2084 1629 inclinati,
2152 1519 2438 1608 audito
2483 1552 2734 1638 super
2781 1518 3500 1633 praemissis‘Ven.
3555 1517 3840 1608 Fratre
3861 1520 4198 1593 &Ordini-

468 1663 756 1727 nostro
804 1640 872 1724 F
877 1641 1247 1726 rancisoo
1298 1641 1387 1724 S.
1420 1634 1512 1723 R.
1544 1637 1650 1723 E.
1688 1635 1939 1725 Card.
1981 1640 2438 1729 Barberino
2481 1662 2966 1754 nuncupato
3011 1640 3218 1727 sacri
3265 1636 3839 1727 cardinalium
3861 1613 4206 1774 Χοίὲᾝο·

298 1854 319 1879 ‚
468 1757 827 1873 Collegii
866 1761 1277 1867 Ducam,
1330 1759 1748 1875 Episcopo
1792 1759 2147 1870 ostien„
2200 1784 2282 1848 et
2362 1762 2928 1868 Veliternum,
2992 1791 3088 1847 ac
3157 1756 3842 1871 congregationis
3864 1795 4217 1867 ordinario·

462 1877 845 1992 ejusdem
899 1881 978 1964 S.
1022 1878 1121 1964 R.
1158 1876 1261 1964 E.
1315 1875 1888 1967 Cardinalium
1950 1884 2296 1993 negotiis
2330 1944 2356 1989 ,
2416 1908 2508 1971 et
2578 1877 3324 1970 consultationibus
3381 1878 3839 1996 Episcopo·
3863 1907 3995 1955 non
4048 1910 4195 1981 upe-

466 2029 659 2085 rum
692 2062 719 2108 ,
770 1999 871 2088 'et
920 1997 1457 2108 Regulari'um
1502 2002 2154 2114 praepositorum
2207 1999 2634 2091 Praefecto
2666 2064 2692 2109 ,
2754 2004 2822 2087 si
2855 2030 3148 2116 preces
3197 2000 3523 2087 veritati
3570 1991 4065 2088 niun-⁰²⁸³*

463 2138 605 2204 tur
638 2180 665 2226 ,
719 2117 1232 2235 supradictas
1276 2115 2021 2208 Confraternitates
2071 2145 2239 2208 tam
2301 2123 2839 2211 inchclesiis
2888 2115 3376 2208 eorumdem
3425 2148 3841 2236 exponen·

462 2239 680 2327 tium
738 2263 1057 2327 erectas
1085 2302 1111 2346 ,
1178 2261 1267 2326 et
1310 2236 1738 2350 erigendas
1772 2302 1798 2347 ,
1864 2272 2114 2362 quam
2169 2241 2503 2329 illorum
2553 2242 2934 2330 Oratoria
2972 2240 3272 2328 ruralia
3319 2239 3428 2326 ab
3477 2239 3838 2331 Ordina-

462 2358 605 2445 riis
652 2357 1031 2447 locorum
1083 2389 1249 2445 non
1299 2389 1472 2445 esse
1519 2359 1922 2447 visitanda
1954 2426 1979 2470 ,
2045 2360 2188 2450 sed
2240 2392 2285 2448 a
2325 2362 2906 2479 Superioribus
2951 2355 3421 2477 praedictae
3468 2358 3838 2474 Congre-

464 2479 813 2588 gationis
863 2481 1335 2595 Hispaniae,
1386 2482 1872 2568 auctoritate
1928 2481 2403 2598 Apostolica
2440 2545 2467 2591 ,
2528 2496 2820 2570 tenor-'e
2879 2481 3437 2597 praesentium
3471 2476 3835 2593 declara·

459 2626 649 2682 mus
680 2661 708 2706 ,
762 2628 858 2687 ac
908 2597 1489 2686 decernimus·
3679 2614 3684 2621 '

574 2718 643 2817 S.
714 2720 793 2804 5.
859 2719 1430 2805 Decet-nentes
1481 2719 1789 2830 pariter
1862 2718 2191 2807 easdem
2239 2745 2709 2837 praesentes
2765 2722 3048 2810 literas
3091 2748 3414 2836 semper
3488 2719 3767 2809 firmas
3800 2785 3826 2830 ,
3855 2696 4185 2859 ubielisseqiu

454 2837 824 2943 validas,
887 2862 971 2924 et
1032 2836 1412 2925 efficaces
1459 2840 1860 2945 existere,
1924 2864 2009 2927 et
2052 2839 2230 2929 fore
2278 2906 2304 2951 ,
2367 2873 2729 2962 suosque
2791 2845 3264 2957 plenarios,
3331 2864 3418 2927 et
3467 2843 3828 2955 integros
3852 2883 4095 2951 cervari

459 2953 811 3044 effectus
859 2961 1124 3042 sortiri
1157 3020 1181 3063 ,
1228 2979 1318 3043 et
1364 2954 1796 3068 obtinere,
1836 2993 1968 3048 ‚ac
2016 2962 2179 3048 illis
2208 3026 2232 3069 ,
2288 2960 2392 3051 ad
2445 2994 2651 3084 quos
2701 2982 3067 3078 spectat,
3129 2984 3214 3048 et
3261 2993 3411 3076 pro
3459 2983 3829 3079 tempore
3850 2975 4066 3085 prasci
4112 2975 4160 3041 ‘t
4192 3023 4216 3055 .

459 3077 920 3189 spectabit,
987 3079 1070 3161 in
1126 3076 1515 3162 omnibus
1550 3139 1577 3184 ,
1648 3100 1734 3164 et
1780 3111 1929 3196 per
1989 3084 2267 3171 omnia
2317 3085 2788 3199 plenissime
2836 3079 3318 3194 suffragari3
3384 3081 3690 3202 Sicque
3738 3078 3916 3225 ing?
3967 3088 4037 3152 ¹¹²
4106 3086 4214 3136 ⁹⁸·

456 3197 922 3309 praemissis
968 3196 1121 3309 p'er
1166 3225 1737 3317 quoscumque
1780 3199 1834 3283 J
1843 3199 2122 3290 udices
2171 3201 2626 3292 ordinarios
2656 3267 2688 3308 ‚
2736 3226 2820 3289 et
2869 3200 3285 3314 delegatos
3333 3203 3583 3289 etiam
3634 3235 3830 3292 cau-
3910 3206 3925 3221 “

460 3344 741 3402 surum
791 3316 1086 3403 Palatii
1137 3315 1594 3430 Apostolici
1646 3316 2096 3409 Auditores
2142 3319 2494 3438 judicari
2527 3387 2561 3428 ,
2623 3347 2708 3411 et
2781 3321 3091 3413 difiniri
3140 3319 3449 3410 debere
3482 3384 3508 3429 ,
3573 3354 3671 3412 ac
3718 3326 3829 3410 ir·

457 3436 715 3520 ritum
742 3499 767 3542 ‚
799 3459 884 3523 et
932 3439 1179 3522 inane
1224 3438 1295 3520 si
1342 3466 1579 3526 secus
1625 3470 1871 3554 super
1917 3440 2045 3527 his
2093 3475 2137 3529 a
2190 3474 2611 3567 quoquam
2641 3507 2671 3550 ,
2699 3444 3000 3563 'quavis
3028 3446 3512 3530 auctoritate
3561 3447 3828 3533 scien·

460 3576 585 3641 ter
619 3618 644 3662 ,
710 3556 844 3643 vel
896 3558 1369 3667 ignoranter
1414 3561 1853 3670 contigerit
1900 3565 2313 3675 attentari.
4167 3670 4184 3691 ·

575 3686 650 3783 5.
709 3680 794 3764 6.
858 3674 1049 3762 Non
1107 3675 1629 3764 obstantibus
1678 3677 2439 3769 Constitutionibus
2473 3745 2499 3790 ,
2567 3706 2651 3780 et
2704 3679 3400 3771 ordinationibus
3473 3687 3825 3803 Aposto·
3845 3664 4212 3833 hohffi‘

458 3790 691 3902 licis,
759 3798 1218 3915 ceterisque
1268 3801 1698 3887 contrariis
1744 3803 2450 3922 quibuscumque.
2946 3835 2950 3839 ·
3683 3818 3688 3825 '
3846 3785 3970 3943 32¹:-

468 3916 481 3923 “
573 3914 891 4001 Datum
942 3914 1254 4002 Romae
1302 3912 1530 4031 a'pud
1582 3920 1661 4005 S.
1713 3919 2061 4010 Mariam
2114 3923 2518 4037 Maiorem
2567 3924 2725 4010 sub
2790 3923 3136 4013 Annulo
3198 3924 3632 4017 Piscatoris
3681 3923 3826 4016 die

459 4031 601 4116 31.
652 4032 1027 4159 ‚Ianuarii
1084 4036 1331 4150 1737.
1384 4034 1630 4125 Pont.
1680 4046 1937 4129 nostri
1994 4074 2213 4130 anno
2258 4044 2451 4128 Vll.

2654 4167 2758 4268 F.
2817 4163 3073 4251 Gar-d.
3132 4165 3579 4252 Oliverius.

570 4514 1152 4637 Indulgentias
1201 4524 1421 4611 alias
1465 4557 1888 4615 concessas
1936 4560 2095 4642 pro
2158 4536 2690 4620 visitantibus
2715 4531 3166 4639 ›Ec-elesius
3204 4596 3252 4641 ‚2
3301 4566 3447 4621 seu
3487 4536 3821 4622 'Orato-

695 4643 833 4723 ria
867 4645 1631 4763 ‘Missionqriorum
1688 4653 2359 4763 Capuccinorum
2408 4653 2877 4740 Gallorum
2953 4659 3046 4765 ἱῃ
3083 4659 3469 4767 partibus
3517 4655 3822 4772 Infide-

694 4757 909 4843 lium
957 4768 1505 4853 existentium
1539 4831 1568 4871 ,
1641 4775 1907 4871 etiam
1944 4801 2103 4884 pro
2148 4775 2595 4857 animabus
2678 4775 2958 4859 Christ
2966 4773 3377 4893 fidelium
3434 4806 3589 4893 pet·
3647 4807 3819 4860 mo-

617 4945 620 4948 .
694 4860 899 4961 dur'n
945 4881 1352 5008 suffiagti
1395 4886 1821 5004 applicari
1857 4921 2096 5029 posse
2144 4895 2496 5010 benigne
2546 4892 2940 5015 indulget.

1064 5121 2086 5244 CLEMENS
2203 5128 2750 5248 PAPA
2873 5133 3215 5248 Xll.

1392 5368 1547 5457 Ad
1590 5389 2087 5484 perpetuam
2160 5379 2292 5459 rei
2336 5385 2861 5464 memoriam.

572 5609 638 5706 S.
715 5635 747 5694 r
767 5670 787 5690 .
861 5513 1171 5699 Cum
1213 5673 1238 5723 ‚
1324 5608 1541 5704 sicut
1589 5607 1942 5707 dilect-us
2019 5613 2243 5709 filius
2306 5554 2900 5829 Cherubimlrpf
2931 5617 3039 5708 de
3120 5620 3402 5719 Noves
3475 5621 3821 5719 Ordinis
3867 5652 4208 5753 Indulgen-

1714 5808 1729 5823 ,
2944 5774 2993 5831 2
