4834 6409
2390 564 2397 571 .
3617 501 3788 585 279
3968 503 3972 507 ’

417 585 553 705 his·
594 619 640 677 a
692 620 1114 711 quoquam
1189 594 1481 714 quavis
1539 595 2023 685 auctoritate
2105 591 2458 682 scienter
2490 654 2522 696 ,
2595 593 2733 681 vel
2810 593 3278 706 ignoranter
3355 592 3790 704 contigerit

422 713 830 797 attentari.

430 934 439 939 ,
536 838 611 934 §-
680 861 819 944 29.
888 831 1075 919 Non
1129 835 1649 923 obstantibus
1696 831 2505 941 Constitutionihus‚
2558 856 2645 920 et
2693 832 3387 921 ordinationibus
3438 832 3788 946 Aposto·
3834 827 4180 939 Derogatio

419 945 652 1053 licis,
735 978 1057 1039 necnon
1112 955 1501 1042 Civitatis
1533 1016 1559 1060 ‚
1637 977 1721 1041 et
1765 952 2188 1040 Dioecesis
2251 951 2837 1064 Salisburgen.‚
2918 986 3010 1040 ac
3062 932 4162 1079 quorumcumqueffiffif‘m‘

425 1063 844 1156 Ordinum
882 1133 908 1178 ‚
974 1075 1255 1165 aliisve
1304 1075 1735 1191 quibusvis
1786 1076 2029 1162 etiam
2078 1077 2547 1188 juramento
2580 1135 2611 1177 ‚
2673 1071 3328 1160 Confirmatione
3380 1071 3793 1184 Apostoli-

425 1213 574 1292 ca,
635 1191 771 1274 vel
857 1197 1145 1308 quavis
1215 1192 1600 1280 firmitate
1671 1192 1825 1278 alia
1888 1193 2287 1307 roboratis
2358 1195 2679 1277 statutis
2730 1253 2755 1297 ,
2822 1216 2906 1293 et
2980 1190 3787 1301 consuetudinibus,

423 1307 871 1418 privilegiis
918 1329 1253 1431 quoque
1289 1374 1314 1419 ,
1379 1309 1777 1423 indultis,
1858 1335 1942 1399 et
2009 1311 2263 1398 literis
2334 1312 2821 1423 Apostolicis
2874 1314 2960 1397 in
3013 1314 3514 1399 contrarium
3563 1310 3793 1425 prae·

418 1426 854 1513 missorum
907 1429 1535 1546 quomodolibet
1594 1434 1994 1518 concessis
2025 1493 2050 1538 ,
2116 1425 2619 1516 confirmatis
2669 1491 2696 1534 ,
2786 1453 2870 1517 et
2933 1433 3367 1521 innovatis.
3455 1429 3792 1537 Quibus

422 1545 868 1653 omnibus,
920 1571 1003 1634 et
1052 1552 1436 1661 singulis,
1503 1549 1835 1635 illorum
1890 1575 2210 1637 tenores
2246 1609 2271 1654 ,
2322 1578 2658 1661 praesen
2678 1550 2898 1635 tibus
2945 1582 3094 1663 pro
3140 1552 3384 1666 plene
3418 1611 3441 1653 ,
3497 1572 3580 1633 et
3627 1549 3794 1635 sufi-

422 1652 800 1751 ficienter
853 1673 1243 1780 expressis
1276 1734 1303 1776 ‚
1343 1700 1438 1755 ac
1488 1665 1595 1752 de
1640 1670 1902 1756 verbo
1952 1667 2053 1755 ad
2106 1667 2458 1755 verbum
2511 1668 2835 1753 insertis
2884 1668 3323 1774 habentes,
3392 1667 3550 1753 illis
3598 1664 3798 1756 alias

366 1882 371 1888 .
421 1780 510 1895 in
561 1813 713 1868 suo
763 1786 1055 1874 robore
1117 1791 1665 1902 permansuris
1698 1850 1729 1892 ‚
1795 1787 1950 1875 hac
1996 1790 2180 1876 vice
2229 1785 2655 1872 dumtaxat
2705 1790 3216 1903 specialiter,
3286 1811 3370 1877 et
3419 1817 3792 1902 expresse

422 1894 912 2012 derogamus
949 1967 975 2010 ,
1041 1912 1496 2023 ceterisque
1551 1911 1977 2005 contrariis
2116 1906 2758 2024 uibuscumque.
3797 1914 3801 1921 ’

542 2019 860 2106 Datum
909 2024 1216 2112 Romae
1262 2024 1484 2140 apud
1539 2024 1615 2109 S.
1671 2027 2018 2113 Mariam
2056 1937 2477 2138 (lllajorem
2530 2028 2689 2117 sub
2750 2028 3095 2121 Annulo
3144 2027 3576 2125 Piscatoris
3645 2024 3781 2110 die

436 2156 564 2220 12.
615 2138 983 2228 Januarii
1040 2146 1288 2261 1739.
1344 2148 1580 2232 Pont.
1633 2145 1912 2232 Nostri
1964 2177 2183 2232 anno
2234 2173 2480 2230 nono.
3203 2197 3214 2200 ·

542 2625 681 2711 De
719 2629 1209 2741 juramento
1239 2633 1654 2752 faciendo
1729 2636 1958 2717 circa
2041 2637 2255 2719 ritus
2318 2631 2904 2719 Malabarioos
2969 2665 3027 2718 a
3084 2638 3204 2722 M
3201 2637 3667 2722 issionariis

1102 2754 1194 2835 in
1267 2759 1573 2873 Regnis
1648 2755 1778 2841 M
1767 2750 2164 2838 adurensi
2214 2813 2242 2860 ‚
2297 2755 2426 2838 M
2413 2755 2895 2870 ayssurensi
2963 2771 3117 2836 ete.

405 2955 1073 3068 ,Venerabilibus
1136 2962 1583 3076 ‘Fratribus
1611 3051 1642 3093 ‚
1691 3019 1794 3075 ac
1842 2987 2203 3074 Dilectis
2267 2989 2357 3075 F
2348 2990 2525 3076 iliis
2595 2987 3033 3105 Epi-scopis
3067 3053 3093 3093 ‚
3144 3010 3228 3075 et
3279 2990 3780 3108 Apostolicis

438 3098 449 3107 ⁵
666 3102 789 3188 M
785 3107 1250 3193 issionariis
1312 3114 1405 3193 in
1449 3112 1754 3227 Regnis
1847 3106 2292 3192 Indicarum
2349 3108 2921 3196 Orientalium
2968 3111 3098 3197 M
3087 3108 3483 3199 adurensi
3516 3173 3541 3220 ‚

1409 3232 1538 3315 M
1525 3233 2009 3346 ayssurensi
2031 3291 2062 3330 ,
2140 3245 2221 3309 et
2276 3231 2805 3316 Carnatensi.

1060 3461 2009 3582 CLEMENS
2143 3463 2666 3587 PAPA
2802 3455 3153 3579 XII.

640 3704 743 3796 V
726 3712 1179 3800 enerabiles
1228 3715 1574 3800 Fratres
1600 3773 1626 3818 ‚
1677 3680 2031 3913 Dilecta
2056 3709 2282 3795 Filii
2312 3771 2337 3815 ‚
2388 3709 2748 3801 salutem
2776 3772 2808 3816 ,
2865 3728 2948 3795 et
2994 3712 3575 3828 Apostolicam

1821 3860 1969 3914 ene
2018 3836 2444 3917 *ic-tionem.

561 3970 1147 4159 Concredita
1197 4072 1457 4158 Nobis
1503 4070 1924 4155 Dominici
1975 4069 2266 4180 Gregis
2316 4100 2513 4156 cura
2560 4071 2958 4155 continuo
3007 4067 3180 4161 Nos
3230 4098 3515 4186 urget,
3548 4075 3633 4158 in
3685 4072 3776 4161 id

433 4185 878 4301 praecipue
910 4258 941 4298 ,
1003 4215 1087 4277 et
1136 4214 1298 4277 tota
1349 4188 1870 4275 solicitudine
1921 4188 2402 4275 incumbere
2431 4251 2455 4293 ,
2496 4210 2589 4274 ut
2636 4188 2744 4273 ab
2791 4189 2889 4272 iis
2953 4194 3297 4277 maxime
3335 4256 3360 4300 ‚
3427 4195 3574 4310 qui
3619 4188 3789 4280 sor·-

418 4304 567 4386 .titi
618 4309 746 4391 sui
796 4335 1109 4425 partem
1160 4310 1596 4397 Ministerii
1672 4307 1972 4418 hujus,
2044 4333 2126 4392 et
2177 4310 2259 4391 in
2315 4309 2586 4393 lucem
2640 4304 3039 4392 Gentium
3092 4335 3287 4396 sunt
3336 4316 3609 4414 missi,
3661 4344 3785 4399 er·

436 4453 539 4536 ga
625 4424 704 4509 S.
776 4431 1070 4518 Sedem
1100 4494 1131 4533 ,
1195 4461 1290 4517 ac
1368 4425 1836 4542 Apostolica
1899 4424 2282 4511 mandata
2344 4425 2594 4511 filiale
2666 4426 3157 4541 obsequium
3232 4430 3713 4521 exhibeatur
3760 4493 3785 4540 ‚

434 4567 684 4661 atque
734 4549 971 4640 Fi'dei
1022 4548 1397 4661 dogmata
1430 4610 1453 4652 ‚
1509 4574 1940 4662 sacrosque
1989 4546 2413 4632 Ecclesiae
2463 4547 2666 4631 ritus
2726 4568 2813 4630 et
2859 4547 3012 4658 ipsi
3062 4550 3544 4638 intemerate
3598 4553 3789 4639 reti-

436 4685 692 4753 neant
722 4733 753 4774 ,
820 4694 906 4757 et
944 4669 1179 4763 ,alios
1245 4667 1706 4768 edoceant,
1792 4689 1884 4751 ut
1946 4694 2154 4783 quos
2217 4665 2588 4749 locorum
2670 4667 3067 4751 immensa
3117 4672 3373 4780 spatia
3436 4704 3481 4756 a
3564 4669 3793 4758 Petri

439 4782 656 4870 Sede
733 4790 976 4902 longe
1024 4787 1569 4904 disjungunt,
1657 4814 1795 4870 eos
1842 4807 2118 4870 tamen
2172 4780 2415 4870 Fides
2475 4779 2764 4869 eadem
2849 4784 2932 4866 in
3012 4790 3329 4875 unitate
3394 4789 3785 4904 Spiritus,

439 4923 525 4987 et
573 4899 997 4996 doctrinae
1046 4909 1580 5019 conglutinet.
1643 4903 1870 4990 Alias
1946 4906 2225 5021 itaque
2301 4933 2450 5019 per
2498 4903 2802 4989 similes
2861 4898 3182 4991 Literas
3258 4931 3570 4993 nostras
3630 4910 3788 4996 sub

440 5020 732 5115 datum
798 5032 937 5135 24.
1014 5030 1373 5140 Augusti
1458 5025 1706 5141 1734.
1783 5024 2169 5138 incipien.
2240 5057 2295 5108 .-.
2337 5024 2929 5136 Compertum‚
2979 5024 3683 5145 exploratumque
3729 5069 3787 5105 =

439 5144 1024 5234 Fraternitates
1077 5149 1459 5246 VestraS,
1511 5173 1963 5260 omnesque
2022 5141 2579 5227 Missionarios
2614 5203 2640 5247 ,
2718 5173 2818 5228 eo
2866 5147 3210 5258 majori,
3276 5176 3448 5264 quo
3522 5151 3792 5261 potui·

436 5296 680 5374 mus,
734 5266 1091 5359 Paterno
1140 5261 1554 5363 charitatis
1602 5261 1907 5348 affectu
1958 5292 2040 5347 re
2163 5262 2529 5347 isivimns
2586 5322 2610 5366 ,
2642 5285 2726 5345 et
2786 5258 3378 5351 declaravimus
3415 5330 3439 5372 ,
3539 5297 3791 5383 quam

421 5388 813 5500 impense
860 5400 1468 5503 exoptaremus‚
1551 5404 1646 5469 ut
1705 5383 1850 5501 qui
1903 5383 1988 5465 in
2044 5293 2369 5489 ‹Exegnis
2455 5381 2623 5465 istis
2674 5378 2984 5467 Christi
3039 5380 3272 5468 Fidei
3354 5385 3790 5475 veritatem

440 5529 970 5615 agnoscentes
1021 5524 1617 5594 convertuntur
1664 5562 1690 5608 ,
1767 5502 2359 5616 superstitiosos
2406 5498 2869 5587 Gentilium
2935 5505 3137 5587 ritus
3185 5508 3526 5592 omnino
3590 5506 3792 5591 abii·-

413 5650 784 5743 »σει-(ΞΜ,
848 5648 1100 5751 atque
1146 5644 1713 5723 aversarentur
1744 5684 1777 5730 ,
1834 5651 1966 5710 -ne
2047 5618 2509 5709 habeantur
2589 5641 2672 5707 et
2746 5620 2901 5738 ipsi
2949 5619 3055 5711 ad
3104 5623 3357 5757 instar
3431 5655 3722 5718 eorum
3758 5689 3785 5736 ,
