4834 6409
3612 442 3734 527 33

500 578 639 663 28.
702 572 980 684 Prima
1028 569 1285 684 gratia
1320 631 1345 678 ,
1411 597 1663 688 quam
1721 566 1955 664 Deus
2016 558 2405 648 concedit
2481 568 2963 680 peccatori,
3021 587 3148 650 est
3204 585 3737 680 peccatorum

375 701 764 787 remissio·
1987 749 1993 758 ·

501 849 642 932 29.
704 815 962 900 Extra
1025 810 1492 899 Ecclesiam
1552 807 1782 895 nulla
1835 808 2323 896 conceditur
2372 809 2648 917 gratia.
3595 905 3602 911 ·

501 940 643 1023 30.
712 933 1079 1040 Omnes,
1118 963 1327 1051 quos
1374 931 1617 1026 Deus„
1639 929 1823 1020 vult
1882 932 2198 1021 salvare
2245 955 2392 1046 per
2453 924 2887 1014 Christum
2923 994 2946 1038 ‚
3012 933 3444 1021 salvantur
3501 923 3742 1012 infal-

380 1059 754 1143 libiliter.

504 1179 644 1264 31.
708 1170 1137 1261 Desideria
1187 1170 1497 1257 Christi
1555 1201 1879 1286 semper
1936 1168 2251 1257 habent
2311 1196 2556 1253 suum
2611 1167 3057 1278 effectum,
3108 1201 3400 1286 pacem
3448 1169 3750 1254 intimo

399 1294 772 1382 cordium
825 1292 1126 1398 infert,
1194 1289 1528 1410 quando
1565 1295 1680 1378 eis
1727 1291 1953 1376 illam
2005 1312 2255 1402 optat.
3183 1399 3186 1404 ι

507 1416 675 1502 32..
713 1415 953 1502 Jesus
1014 1411 1391 1497 Christus
1453 1442 1538 1498 se
1585 1414 1832 1497 morti
1887 1407 2226 1495 tradidit
2274 1406 2379 1494 ad
2446 1405 2970 1494 liberandum
3016 1439 3166 1524 pro
3226 1439 3548 1524 semper
3592 1439 3750 1494 suo

382 1540 777 1645 sanguine
830 1536 1478 1643 Primogenitos,
1542 1529 1758 1617 idest
1812 1531 2149 1617 Electos
2213 1526 2320 1615 de
2383 1558 2640 1613 manu
2702 1531 3004 1641 Angeli
3069 1532 3737 1616 exterminatoris.

498 1657 642 1740 33.
713 1654 936 1740 Proh
987 1677 1393 1772 quantum
1443 1672 1765 1765 oportet
1825 1650 2068 1735 bonis
2120 1651 2462 1736 terrenis
2496 1710 2520 1754 ,
2599 1671 2681 1734 et
2728 1651 3210 1765 sibimetipsi
3261 1647 3736 1738 renuncias-

386 1809 528 1881 se,
597 1772 699 1859 ad
750 1772 909 1860 hoc
958 1795 1052 1878 ut
1099 1776 1283 1890 quis
1333 1770 1726 1857 fiduciam
1788 1768 2086 1856 habeat
2160 1772 2369 1876 sibi,
2435 1793 2533 1854 ut
2590 1771 2701 1854 ita
2763 1767 3078 1878 dicam,
3145 1769 3734 1890 appropriandi

388 1895 814 1980 Christum
867 1893 1149 1979 Jesum
1186 1956 1216 1995 ,
1280 1897 1459 2005 ejus
1508 1921 1869 1977 amorem
1905 1954 1930 1998 ,
2005 1913 2356 1976 mortem
2394 1951 2418 1994 ,
2474 1912 2563 1973 et
2603 1893 2987 2001 mysteria
3038 1955 3062 1999 ,
3123 1913 3219 1975 ut
3265 1890 3494 1984 facit·
3529 1892 3736 1979 San·

387 2041 570 2102 ctus
617 2014 927 2100 Paulus
977 2011 1317 2097 dicens:
1389 2009 1563 2118 Qui
1627 2009 1908 2097 dilexit
1967 2041 2104 2095 mc
2135 2072 2167 2117 ,
2211 2034 2295 2097 et
2341 2006 2680 2094 tradidit
2728 2011 3255 2126 semetipsum
3301 2045 3466 2129 ⁴pro
3516 2043 3673 2100 me.

507 2136 651 2240 34.
717 2132 1002 2219 Gratia
1055 2128 1362 2216 Adami
1414 2162 1580 2215 non
1641 2128 2154 2245 producebat
2188 2192 2213 2236 ,
2274 2131 2429 2214 nisi
2490 2131 2779 2216 merita
2831 2130 3215 2218 humana.

508 2253 654 2341 35.
723 2252 1005 2337 Gratia
1058 2248 1358 2336 Adami
1425 2273 1547 2337 est
1592 2248 1919 2370 sequela
1972 2252 2400 2337 creationis
2450 2313 2475 2356 ,
2540 2273 2623 2337 et
2669 2275 2842 2338 erat
2892 2249 3168 2341 debita
3223 2275 3563 2340 naturae
3615 2287 3739 2340 sa·

397 2404 607 2478 nae,
675 2395 759 2458 et
808 2375 1188 2483 integrae.
1556 2443 1563 2450 .
2857 2475 2866 2482 ἱ

519 2494 659 2577 36.
722 2489 1215 2577 Differentia
1258 2491 1709 2578 essentialis
1770 2494 1986 2577 inter
2045 2494 2386 2602 gratiam
2433 2488 2735 2576 Adami
2785 2557 2815 2596 ,
2876 2516 2959 2579 et
3018 2515 3273 2580 status
3337 2495 3734 2580 innoeen-

397 2616 613 2719 tiae,
699 2643 793 2698 ac
842 2597 1178 2723 graiiam
1232 2610 1757 2695 christianam
1817 2609 2281 2725 est,·2quod
2354 2615 2704 2724 primam
2739 2618 3339 2731 'unusquisque
3414 2616 3499 2695 in
3549 2647 3737 2724 pro-.

393 2735 566 2845 pria
618 2763 958 2847 persona
1016 2735 1504 2846 recepisset:
1573 2732 1720 2814 ista
1786 2758 1983 2815 vero
2044 2759 2210 2813 non
2264 2732 2695 2842 recipitur,
2775 2733 2932 2814 nisi
2993 2736 3081 2815 in
3129 2733 3481 2846 persona
3542 2733 3741 2821 Jesu

388 2851 699 2937 Christi
749 2855 1265 2957 resuscitati,
1321 2855 1452 2936 cui
1520 2881 1668 2934 nos
1724 2851 1934 2932 uniti
1987 2877 2295 2935 sumus.

505 2971 646 3083 37.
715 2969 999 3055 Gratia
1042 2968 1402 3075 Adami,
1471 2964 2060 3055 sanctificando
2112 2969 2350 3052 illum
2427 2971 2513 3052 in
2582 2965 3074 3081 semetipso,
3141 2994 3316 3058 erat
3373 2972 3501 3056 illi
3567 3003 3754 3087 pro·

394 3093 904 3200 portionata:
973 3088 1255 3172 Gratia
1334 3088 1764 3173 christiana
1853 3119 1999 3172 nos
2061 3085 2654 3175 sanctificando
2737 3091 2822 3172 in
2881 3086 3089 3174 Jesu
3150 3089 3484 3178 Christo
3531 3153 3555 3198 ,
3625 3117 3755 3181 est

395 3208 968 3322 omnipotens,
1047 3228 1131 3291 et
1192 3203 1436 3317 digna
1489 3206 1700 3290 Filio
1744 3205 1933 3291 Dei.
2346 3247 2383 3278 κ
2455 3211 2464 3220 ’
2882 3239 2885 3244 ·
3493 3275 3502 3284 .

510 3324 651 3410 38.
713 3327 1110 3412 Peccator
1173 3356 1344 3412 non
1427 3348 1548 3413 est
1605 3326 1817 3412 liber
1865 3388 1889 3432 ,
1957 3328 2111 3412 nisi
2178 3323 2283 3413 ad
2348 3327 2662 3414 malum
2710 3390 2738 3434 ,
2798 3329 2976 3414 sinc
3054 3329 3312 3440 gratia
3397 3328 3741 3420 Liberae

258 3445 269 3454 ’
389 3448 611 3531 toris.
1494 3501 1499 3508 -
1892 3489 1903 3512 ι
2732 3495 2738 3502 -

504 3566 646 3680 39.
709 3567 1116 3654 Voluntas
1155 3631 1180 3674 ,
1233 3598 1485 3685 quam
1537 3570 1789 3677 gratia
1838 3598 2004 3651 non
2058 3571 2544 3681 praevenit,
2609 3566 2819 3654 nihil
2868 3565 3120 3653 habet
3176 3567 3515 3656 luminis
3583 3577 3740 3660 nisi

381 3683 497 3772 ad
546 3686 1160 3797 aberrandum3
1225 3687 1592 3792 ardoris,
1658 3689 1815 3771 nisi
1879 3684 1983 3772 ad
2034 3719 2123 3773 se
2171 3685 2887 3802 praecipitandum
2919 3723 2958 3799 3·
3004 3689 3307 3776 virium
3339 3752 3365 3797 ,
3429 3693 3594 3776 nisi
3643 3692 3750 3781 ad

377 3836 475 3892 se
539 3805 1145 3894 vulnerandum
1196 3842 1214 3890 ε
1280 3808 1437 3892 Est
1485 3836 1734 3919 capax
1782 3809 2047 3891 omnis
2097 3808 2355 3911 mali,
2417 3831 2503 3894 et
2550 3811 2889 3923 incapax
2939 3804 3045 3892 ad
3093 3839 3340 3916 omne
3385 3809 3731 3901 bonum.

506 3932 646 4034 4ο.
714 3929 909 4014 Sine
968 3929 1220 4039 gratia
1295 3926 1504 4012 nihil
1574 3957 1844 4012 amare
1893 3959 2326 4042 possumus
2362 3991 2387 4035 ,
2465 3930 2624 4014 nisi
2677 3925 2782 4015 ad
2832 3945 3191 4014 nostram
3240 3923 3782 4022 condemna&

371 4051 727 4136 tionem.

510 4172 652 4274 [μ.
727 4167 1022 4252 Omnis
1083 4168 1442 4278 cognitio
1502 4165 1666 4254 Dei
1702 4170 2000 4273 ,etiam
2055 4170 2471 4276 naturalis,
2525 4171 2773 4255 etiam
2822 4170 2904 4253 in
2962 4168 3482 4283 Philosophis
3529 4170 3746 4258 Eth-

368 4291 602 4374 nicis
634 4349 664 4388 ,
733 4318 899 4370 non
951 4308 1217 4397 potest
1266 4288 1561 4377 -venire
1595 4348 1620 4390 ,
1690 4290 1843 4372 nisi
1894 4322 1937 4373 a
1992 4288 2173 4376 Deo
2224 4351 2248 4395 ,
2316 4313 2398 4374 et
2480 4293 2653 4375 sine
2714 4292 2966 4399 gratia
3054 4285 3664 4402 non'producit
3727 4358 3750 4402 ‚

368 4408 553 4495 nisi
589 4409 1344 4516 praesumtionem,
1405 4409 1847 4496 vanitatem
1880 4471 1903 4513 ,
1971 4432 2054 4493 et
2102 4411 2699 4523 oppositionem
2750 4404 2856 4493 ad
2905 4411 3174 4524 ipsum
3222 4408 3501 4497 Deum
3539 4476 3564 4519 ,
3623 4414 3738 4499 lo·

367 4559 482 4617 co
537 4522 992 4612 affectuum
1023 4588 1048 4632 ,
1115 4522 1659 4633 adorationis,
1725 4525 2297 4637 gratitudinis,
2364 4554 2448 4615 et
2496 4532 2815 4614 amoris.

495 4654 647 4758 42.
716 4645 904 4732 Sola
951 4650 1201 4757 gratia
1251 4646 1558 4732 Christi
1609 4645 1880 4734 reddit
1930 4646 2351 4733 hominem
2402 4657 2690 4760 aptum'
2744 4646 2850 4733 ad
2901 4645 3397 4735 sacrificium
3450 4649 3734 4739 Fidei:
3797 4749 3804 4756 ,

366 4773 572 4857 sine
625 4766 786 4851 hoc
833 4765 1039 4850 nihil
1077 4831 1101 4875 ,
1152 4769 1308 4852 nisi
1358 4770 1782 4881 impuritas
1817 4766 2118 4874 ,nihil
2154 4830 2178 4875 ,
2232 4772 2388 4853 nisi
2443 4767 2907 4878 indignitas.

383 4951 392 4958 -
496 4887 652 4996 43.
721 4886 1048 4972 Primus
1094 4885 1436 4973 effectus
1485 4889 1789 4999 gratiae
1832 4888 2339 5002 baptismalis
2388 4913 2510 4974 est
2557 4885 2822 4975 facere
2849 4952 2879 4991 ,
2930 4912 3027 4973 ut
3071 4892 3742 5006 moriamur-pec·

358 5032 627 5117 cat03
685 5006 890 5094 adeo
927 5031 1021 5092 ut
1054 5009 1382 5120 spiritus
1416 5071 1445 5110 ,
1495 5038 1687 5114 cor,
1725 5038 2009 5094 sensus
2059 5039 2227 5093 non
2279 5006 2640 5095 habeant
2686 5008 2872 5121 plus
2917 5011 3133 5098 vitae
3179 5041 3331 5126 pro
3380 5037 3746 5127 peccato,

358 5159 649 5253 quam
704 5125 954 5213 homo
1004 5133 1376 5212 m'ortuus
1425 5124 1725 5214 habeat
1776 5159 1923 5242 pro
1974 5126 2221 5214 rebus
2271 5125 2596 5214 mundi.

488 5254 652 5361 44.
724 5246 916 5333 Non
964 5271 1159 5332 sunt
1192 5309 1216 5352 ,
1255 5248 1409 5330 nisi
1464 5242 1635 5330 duo
1684 5278 2003 5334 amores
2037 5310 2061 5354 ,
2118 5246 2343 5334 unde
2393 5250 2827 5336 volitiones
2862 5313 2886 5355 ,
2941 5274 3023 5337 et
3056 5254 3422 5348 actiones
3465 5278 3751 5339 omnes

357 5397 726 5462 nostrae
779 5390 1288 5454 nascuntur:
1338 5367 1605 5451 Amor
1650 5364 1856 5472 Dei,
1928 5371 2073 5484 qui
2123 5371 2395 5454 omnia
2449 5373 2615 5479 agit
2682 5392 3012 5485 propter
3058 5370 3336 5457 Deum
3374 5434 3399 5475 ,
3464 5402 3752 5490 quem·

362 5488 1538 5700 (IUJDGUJIfflmunemfflri
1603 5507 1686 5574 et
1730 5487 2048 5590 Amor,
2100 5518 2267 5605 quo
2323 5518 2471 5576 nos
2519 5492 2736 5604 ipsos
2768 5554 2798 5594 ,
2857 5486 3436 5692 {c'mundum
3487 5488 3758 5608 diligi-

582 5642 763 5697 om.
909 5669 928 5691 .
