4834 6409
1086 448 1257 537 23²
1716 500 1723 507 ·
1920 552 1929 561 .
3273 550 3289 561 .
3457 554 3466 563 ,
4423 534 4442 553 .

1085 601 1280 658 cum
1331 563 1862 657 facultatibus
1911 566 2272 685 eligendi
2322 560 2751 688 proprium
2797 556 3400 664 Provin'cialem
3430 633 3456 678 ,
3504 564 4110 656 Diffinitorium
4147 629 4176 674 ,
4226 562 4458 653 alios·

1085 720 1254 809 que
1304 685 1782 796 Officiales,
1850 714 1935 777 et
2006 692 2431 778 Ministros
2494 690 2952 807 deputandi
3003 757 3029 802 ‚
3092 694 3576 816 auctoritate
3654 688 4123 806 Apostolica
4177 709 4461 775 tenore

1084 811 1642 928 praesentium
1706 814 2215 897 restituimus
2248 875 2276 920 ,
2329 844 2426 898 ac
2474 811 2580 899 de
2631 842 2851 900 novo
2880 877 2905 920 ,
2943 806 3367 932 ‘quatenus
3416 843 3624 927 opus
3672 815 3778 897 sit
3810 873 3838 917 ,
3888 810 4276 922 erigimus
4310 869 4336 914 ,
4374 826 4460 893 ct

1086 933 1718 1039 constituimus,
1760 935 2083 1051 ipsique
2130 932 2616 1020 Provinciae
2658 934 2777 1019 sic
2823 938 3283 1038 restitutae,
3337 946 3434 1020 ac
3460 931 3567 1020 de
3603 937 3824 1020 novo
3870 951 4190 1017 erectae
4237 925 4464 1013 Con-

1083 1073 1429 1139 ventum
1467 1049 1989 1161 Edemburgi
2041 1051 2238 1138 olim
2289 1055 2776 1141 Provinciae
2814 1055 3137 1141 Scotiae
3181 1056 3666 1141 existentem
3711 1073 4116 1167 perpetuo
4163 1051 4463 1134 unien-

1085 1192 1211 1257 tes
1247 1233 1271 1276 ,
1340 1193 1423 1257 et
1469 1170 2002 1258 adnectentes
2043 1235 2068 1278 ,
2132 1173 2629 1259 Provinciali
2679 1205 2833 1287 pro
2883 1198 3251 1289 tempore
3297 1169 3710 1285 praefatae
3757 1171 4244 1256 Provinciae
4308 1167 4456 1252 Hi-

1086 1289 1431 1380 berniae
1513 1291 1800 1377 futuro
1882 1284 2363 1378 facultatem
2420 1324 2762 1412 quoque
2824 1289 3308 1410 deputandi·
3344 1293 3770 1378 Vicarium
3857 1288 4465 1400 provincialem

1085 1410 1554 1523 praedictae
1608 1410 2089 1497 Provinciae
2140 1413 2515 1518 Scotiae,
2582 1432 2697 1500 et·‘
2735 1415 3105 1501 Priorem
3154 1413 3571 1528 praedicti·
3602 1412 4094 1498 Conventus
4156 1405 4467 1496 Edem-

1086 1530 1386 1642 burgi,
1452 1530 1738 1618 eadem
1794 1535 2278 1619 auctoritate
2328 1534 2802 1647 Apostolica
2852 1534 3298 1620 tribuimus
3329 1598 3361 1639 ,
3421 1546 3509 1620 et
3558 1536 4099 1647 impertimur.

775 1671 1063 1739 Primum
1205 1662 1279 1757 S.
1316 1656 1400 1738 6.
1470 1650 1814 1764 Insuper
1858 1683 2010 1767 pro
2065 1651 2216 1739 hac
2266 1646 2824 1740 vicetantum
2877 1651 3153 1740 eidem
3187 1654 3674 1739 Provinciae
3723 1650 3830 1738 de
3866 1649 4185 1772 idoneis
4233 1648 4465 1733 Prio-

702 1762 1178 1855 P¹⁰V3⁰⁰l⁸·re
1230 1772 1721 1859 Provinciali
1743 1836 1773 1876 ,
1825 1796 1905 1857 et
1957 1769 2535 1858 definitoribus
2564 1771 2998 1888 providere
3037 1774 3403 1862 volentes
3454 1805 3549 1859 ac
3600 1771 3706 1858 dc
3757 1770 4471 1884 infrascriptorum

700 1856 1031 2014 ffigssgf
1092 1889 1476 1978 Fratrum
1526 1921 1895 2005 expresse
1960 1890 2520 2007 professorum
2599 1892 2766 1980 fide
2803 1957 2827 2001 ,
2890 1890 3329 2009 prudentia
3369 1957 3394 2000 ,
3460 1891 3899 1994 charitate,
3942 1892 4465 2003 integritate,

706 2060 810 2105 res
840 2052 1031 2106 creat.
1091 2008 1463 2098 doctrina
1496 2076 1520 2116 ,
1588 2013 2002 2123 vigilantia
2036 2077 2059 2119 ,
2113 2037 2199 2098 et
2263 2014 2711 2123 Religionis
2761 2015 2941 2099 zelo
3002 2014 3456 2128 plurimum
3514 2016 3598 2097 in
3684 2012 4053 2099 Domin‘o
4101 2006 4388 2094 confisi
4422 2071 4498 2113 ‚.

716 2177 721 2182 ·
1093 2129 1440 2219 dilectos
1491 2130 1702 2217 filios
1751 2132 2269 2219 Matthaeum
2319 2168 2364 2220 a
2420 2134 2502 2218 S.
2533 2134 2817 2249 Eliseo
2863 2138 2947 2219 in
3007 2134 3253 2221 Sacra
3281 2132 3730 2247 Theologia
3768 2131 4218 2218 Doctorem
4272 2129 4471 2214 alias

1091 2250 1358 2365 Lyon.
1416 2255 1498 2337 in
1553 2254 1918 2338 Priorem
2004 2253 2668 2360 Provincialem,
2736 2286 2832 2340 ac
2919 2256 3343 2341 Simonem
3396 2285 3439 2339 a
3510 2254 3814 2338 Sancto
3895 2251 4091 2337 Stoc
4168 2250 4363 2336 alias
4412 2281 4464 2334 a

1093 2370 1359 2458 Burth
1409 2375 1494 2458 in
1548 2374 1969 2487 primum3
2024 2374 2475 2460 Patricium
2530 2408 2572 2461 a
2627 2376 2923 2460 Sancta
2977 2370 3240 2459 Maria
3303 2370 3792 2486 Magdalena
3833 2434 3858 2478 ,
3923 2372 4118 2456 alias
4165 2368 4462 2455 Moans

1092 2493 1177 2578 in
1231 2491 1725 2605 secundum3
1761 2492 2172 2578 Jacobum
2225 2527 2271 2579 a
2315 2493 2770 2585 Nativitate
2820 2494 3016 2578 alias
3044 2494 3332 2578 Barnis
3385 2496 3469 2577 in
3527 2495 3856 2580 tertium
3898 2528 3922 2603 3
3974 2489 4381 2576 Jacobum
4420 2518 4470 2574 a

1092 2612 1391 2699 Sancta
1442 2612 1836 2700 Theresia
1888 2616 2084 2698 alias
2134 2613 2600 2725 Pendergat
2652 2618 2734 2700 in
2800 2636 3189 2732 quartum
3244 2610 3744 2699 Definitores
3794 2610 4066 2697 dictae
4119 2610 4464 2696 Provin-

1094 2735 1269 2820 ciae
1317 2736 1434 2817 sic
1497 2766 1538 2819 a
1580 2734 1854 2820 Nobis
1904 2756 2223 2820 erectae
2273 2732 2378 2821 ad
2432 2756 2802 2849 tempus,
2869 2763 3041 2852 quo
3090 2732 3497 2847 ejusmodi
3579 2729 3851 2820 officia
3914 2736 4140 2849 juxta
4223 2759 4465 2840 regu-

1092 2852 1289 2939 laria
1344 2850 1719 2966 ejusdem
1775 2853 2122 2940 Ordinis
2173 2853 2561 2940 Instituta
2612 2851 2912 2939 durare
2963 2874 3577 2940 consueverunt
3623 2884 3817 2939 cum
3882 2851 4270 2937 omnibus
4309 2912 4332 2956 ,
4382 2872 4472 2936 et

1085 2964 1441 3084 singulis
1489 2977 2067 3087 praerogativis
2098 2966 2139 3077 ,⁴
2188 2976 2907 3088 praeeminentiis,
2971 2970 3508 3059 facultatibus
3542 3037 3567 3074 ,
3636 2974 4170 3076 auctoritate,
4225 2972 4473 3085 privi-

1101 3094 1335 3205 legiis
1370 3154 1395 3197 ,
1460 3095 1791 3205 gratiis,
1854 3117 1937 3180 et
1989 3092 2332 3179 indultis
2367 3157 2391 3201 ,
2459 3123 2554 3180 ac
2602 3093 3056 3180 honoribus
3092 3157 3115 3199 ,
3182 3118 3269 3180 et
3317 3094 3705 3180 oneribus
3764 3094 4022 3178 solitis
4055 3156 4086 3196 ,
4149 3114 4232 3177 et
4279 3121 4474 3176 con-

1098 3213 1417 3317 suetis,
1480 3216 2018 3319 auctoritate,
2081 3238 2168 3301 et
2216 3235 2501 3300 tenore
2561 3210 3000 3327 praedictis
3086 3216 3665 3300 constituimus
3701 3277 3726 3317 ,
3791 3236 3877 3299 et
3935 3209 4457 3326 deputamus.
4567 3248 4574 3253 ·

1097 3331 1526 3420 Praeterea
1584 3364 1729 3448 pro
1791 3337 2160 3450 proximo
2212 3332 2493 3419 futuro
2544 3334 2933 3448 Capitulo
2980 3334 3341 3446 generali
3376 3330 3763 3421 eumdem
3817 3332 4331 3418 Matthaeum
4385 3334 4475 3415 iu

1093 3447 1648 3540 Definitorem
1726 3455 2247 3566 generalem,
2311 3486 2406 3541 ac
2483 3455 2933 3541 Patricium
2987 3489 3030 3541 a
3110 3446 3409 3541 Sancta
3470 3454 3734 3539 Maria
3799 3449 4287 3563 Magdalena
4368 3455 4459 3537 in

1097 3576 1463 3689 primum
1494 3632 1520 3680 ,
1559 3605 1653 3660 ac
1704 3574 2047 3662 dilectos
2100 3577 2398 3688 pariter
2445 3572 2660 3660 filios
2706 3574 3112 3662 Joannem
3147 3575 3415 3661 Oneal
3468 3577 3572 3658 in‘
3605 3571 4067 3660 secundum
4100 3572 4464 3677 Socium,

1098 3724 1257 3780 nec
1309 3724 1489 3779 non·
1530 3692 2078 3782 Guillelmum
2120 3695 2187 3778 F
2196 3696 2412 3808 leyrr
2460 3696 2545 3780 in
2597 3694 3023 3781 Vicarium
3052 3695 3654 3785 Provincialem
3687 3697 4006 3781 Scotiae
4032 3757 4064 3798 ,
4101 3716 4185 3780 et
4236 3693 4466 3777 Prio-

1034 3816 1043 3823 ’
1099 3843 1272 3900 rem
1328 3811 1817 3902 Conventus
1867 3811 2384 3927 Edemburgi
2426 3878 2451 3921 ,
2505 3848 2599 3902 ae
2652 3815 2991 3901 Petrum
3044 3848 3086 3901 a
3140 3813 3603 3925 Pendergat
3656 3819 3969 3900 socium
4004 3877 4029 3921 ,
4084 3836 4167 3900 et
4214 3842 4477 3900 secrc-

1102 3926 1403 4019 tariu‘m
1456 3932 1830 4047 ejusdem
1889 3934 2211 4021 Scotiae
2261 3934 2550 4021 eadem
2603 3940 3087 4022 auctoritate
3138 3938 3646 4021 instituimus
3695 3938 4040 4048 pariter,
4096 3957 4179 4019 et
4214 3932 4475 4047 depu-

1103 4076 1399 4140 tamus.
1440 4053 1935 4143 Mandantes
1981 4078 2410 4170 propterea
2462 4058 2546 4139 in
2601 4059 2905 4142 virtute
2955 4078 3284 4142 sanctae
3335 4052 3855 4141 obedientiae
3905 4055 4296 4139 omnibus
4326 4117 4351 4161 ,
4391 4080 4490 4144 et·

1092 4159 1444 4287 singulis
1495 4200 1993 4283 memoratae
2057 4177 2544 4262 Provinciae
2631 4177 3222 4290 Superioribus
3259 4239 3284 4282 ,
3341 4175 3769 4260 Fratribus
3817 4241 3846 4280 ,
3907 4195 3992 4262 et
4036 4178 4405 4291 personis
4444 4242 4470 4287 ‚

1098 4298 1397 4381 ceteris
1463 4327 1611 4401 ue,
1678 4292 1778 4382 ad
1839 4326 2045 4414 quos
2115 4318 2430 4410 spectat
2468 4358 2493 4401 ,
2560 4318 2645 4382 et
2704 4297 3109 4412 spectabit
3168 4299 3253 4381 iu
3304 4293 3736 4402 futurum,
3805 4320 3898 4383 ut
3944 4299 4476 4412 supernomi-

1100 4438 1336 4500 natos
1402 4327 1693 4515 pratres
1745 4414 1849 4502 ad
1900 4412 2169 4500 officia
2225 4417 2342 4502 eis
2404 4406 2854 4529 respective
2912 4447 3063 4528 per
3121 4411 3589 4531 praesentes
3677 4414 4164 4502 demandata
4203 4481 4234 4521 ,
4298 4417 4475 4502 illo-

1104 4565 1463 4653 rumque
1513 4536 1871 4622 liberum
1918 4526 2403 4621 exercitium
2445 4540 2666 4650 juxta
2723 4534 3200 4623 earumdem
3253 4558 3619 4622 tenorem
3670 4541 4223 4651 praesentium
4276 4540 4478 4624 reci-

1102 4654 1338 4767 piant
1370 4721 1399 4760 ,
1463 4677 1545 4741 et
1605 4652 2046 4741 admittant
2080 4717 2107 4759 ,
2172 4686 2477 4773 eosque
2528 4678 3115 4769 recognoscant
3149 4720 3174 4764 ,
3227 4679 3312 4743 et
3359 4657 3521 4743 illis
3572 4660 3657 4743 in
3710 4659 4098 4744 omnihus
4184 4655 4289 4743 ad
4331 4690 4474 4745 ea-

1108 4771 1301 4861 dem
1352 4771 1623 4863 officia
1675 4775 2236 4891 spectantibus
2286 4798 2627 4891 pareant
2664 4837 2688 4882 ,
2754 4801 2838 4866 et
2887 4772 3324 4885 obediant,
3388 4774 3940 4896 faveantque,
3981 4802 4061 4866 et
4099 4780 4478 4866 assistant

990 4970 994 4974 .
1113 4901 1587 5010 respective.
1754 4920 1760 4925 ’
1965 4932 1971 4936 ’
2423 4928 2428 4935 ·
2615 4898 2616 4901 ‘
2821 4908 2826 4915 ’
3191 4952 3198 4961 -

740 5022 1087 5128 ῌυίψωῡ·
1227 5015 1296 5117 S.
1356 5052 1436 5135 7.
1491 5020 1613 5102 Ac
1663 5010 2206 5103 decernentes
2256 5011 2587 5102 easdem
2649 5040 3114 5131 praesentes
3152 5019 3436 5104 ‘literas
3499 5046 3817 5132 semper
3881 5015 4153 5104 firmas
4191 5083 4214 5128 ,
4278 5021 4475 5107 vali-

718 5113 1256 5272 ῗὲῐέἓζζίῥάαε
1293 5202 1316 5248 ,
1387 5161 1467 5226 et
1515 5133 1892 5224 efficaces
1942 5141 2335 5242 existere,
2386 5158 2471 5221 et
2519 5134 2701 5221 fore
2737 5201 2761 5243 ,
2813 5132 3169 5256 suosque
3215 5130 3623 5253 plenarios
3652 5201 3674 5244 ,
3743 5161 3823 5224 et
3877 5141 4232 5250 integros
4275 5138 4478 5235 ‘effe-

720 5312 837 5365 ω,
1111 5281 1295 5345 ctus
1369 5260 1699 5362 sortiri,
1762 5281 1848 5345 et
1907 5257 2347 5360 obtinere,
2408 5286 2504 5342 ac
2585 5257 2747 5342 illis
2823 5257 2927 5344 ad
3004 5289 3213 5376 quos
3288 5281 3664 5373 spectat,
3727 5279 3811 5345 et
3890 5290 4042 5379 pro
4108 5274 4473 5373 tempore

1090 5375 1815 5496 ⁸quandocumque
1864 5376 2266 5494 spectabit
2318 5380 2400 5461 in
2455 5377 2896 5486 omnibus,
2963 5401 3045 5464 et
3091 5410 3239 5496 per
3288 5381 3563 5466 omnia
3644 5380 4125 5494 plenissime·
4191 5379 4479 5469 suffra·

1113 5503 1344 5610 gari,
1410 5523 1494 5584 et
1539 5497 1645 5583 ab
1696 5501 1812 5585 eis
1861 5500 2312 5612 respective
2374 5497 2961 5585 inviolabiliter
3011 5499 3471 5586 observari:
3541 5500 3821 5623 sicque
3871 5503 3953 5586 in
4020 5505 4477 5617 praemissis

1092 5617 1261 5734 ¹per
1306 5649 1881 5739 quoscumque
1928 5616 2268 5706 Judices
2318 5614 2806 5707 ordinarios
2839 5682 2871 5723 ,
2921 5643 3004 5706 et
3051 5619 3489 5734 Delegatos
3531 5623 3785 5709 'etiam
3824 5620 4278 5710 Causarum
4336 5618 4502 5711 Pa?
