4834 6409
989 376 1157 464 262
1269 364 1287 383 ’
1346 456 1357 465 ,
2188 462 2191 465 Α

977 517 1221 601 tura,
1281 521 1513 583 more
1558 492 2451 611 scilicet'superiortim
2532 512 3006 615 temporum
3039 557 3063 603 ,
3127 497 3366 614 ‘qu'eis
3441 492 3716 581 hostes
3792 496 4044 582 nostri
4111 493 4370 610 (hae-

978 609 1279 701 reticos
1328 613 1930 733 intelligimus)
1995 618 2238 704 latius
2289 648 2614 733 semper
2663 621 3237 730 grassabantur
3273 679 3298 723 ,
3353 620 3546 734 quia
3599 612 4026 701 dumtaxat
4071 613 4366 728 fugati,

970 732 1234 825 deleti
1286 764 1780 852 nunquam,
1846 740 2001 823 nisi
2094 762 2182 826 et
2254 735 2362 825 de
2441 737 2826 827 oemodiis
2873 740 3203 829 solliciti
3285 735 3742 842 fuerimus,
3808 757 3905 821 ut
3970 760 4055 823 et
4101 734 4374 824 modi·

976 885 1181 943 cum
1244 852 1744 941 fermentum
1797 858 2135 945 tollatur
2171 921 2195 967 ,
2265 890 2371 945 ne
2423 862 2891 951 universam
2943 888 3289 946 massam
3371 860 3752 943 reiterato
3832 879 4367 972 corrumpat,

818 974 827 982 ⁰
882 976 886 981 ’
976 1000 1196 1065 neve
1242 1005 1344 1065 ex
1392 976 1555 1062 levi
1608 975 2029 1063 flammula
2119 981 2314 1065 novi
2400 983 2775 1071 oriantur
2857 984 3085 1091 rogi,
3149 977 3460 1064 Divina
3522 977 3857 1063 Nemesi
3942 981 4371 1064 universos

876 1110 907 1144 ²·
978 1097 1386 1212 puniente
1467 1120 1800 1211 propter
1852 1101 2199 1186 unicum
2286 1096 2795 1188 haereticum
2841 1104 3204 1215 impune
3287 1099 3783 1184 tolleratum.
3852 1095 4093 1184 Hinc.
4172 1118 4295 1185 est
4342 1158 4370 1202 ,

985 1213 1220 1332 quod
1272 1239 1609 1322 nostro,
1700 1240 1786 1303 et
1851 1225 2265 1333 majorum
2337 1243 2806 1308 nostrorum
2894 1222 3112 1307 malo
3197 1214 3545 1324 edocti,
3613 1240 3797 1303 tuto
3875 1221 4305 1332 opinantes
4341 1279 4368 1324 ,

984 1332 1429 1446 indignum
1478 1367 1649 1424 esse
1712 1336 2242 1427 Catholicum
2298 1340 2768 1454 Principem
2821 1339 3231 1451 sacrilegis
3294 1341 3697 1451 imperare
3734 1402 3759 1446 ,
3825 1360 4074 1457 atque
4136 1368 4422 1451 expa-¹

985 1480 1414 1542 vescentes
1463 1461 2067 1570 praenuncium
2118 1457 2331 1554 illud
2382 1460 2673 1548 Diviui
2724 1461 3117 1548 Numinis
3178 1460 3636 1544 oraculum.
3699 1459 3940 1568 Quia
3983 1489 4148 1543 non
4216 1489 4362 1545 cu·

988 1572 1395 1662 stodivisti
1436 1599 1782 1695 'pactum
1834 1611 2114 1666 meum
2154 1644 2178 1686 ,
2232 1604 2315 1666 et
2364 1603 2795 1697 praecepta
2848 1613 3027 1668 mea
3060 1643 3085 1687 ,
3151 1609 3367 1698 quae
3449 1577 3839 1664 mandavi
3896 1579 4046 1663 tibi
4083 1641 4109 1672 ,
4163 1581 4379 1664 scin·

986 1693 1179 1781 dam
1231 1696 1613 1807 Regnum
1665 1721 1919 1785 tuum·
1958 1734 2001 1787 a
2058 1726 2138 1786 te
2174 1766 2197 1806 ,
2266 1723 2347 1787 et
2398 1698 2607 1801 illud
2693 1697 2916 1813 dabo
2966 1731 3205 1786 servo
3257 1721 3468 1808 tuo;
3533 1723 3972 1816 postquam
4026 1728 4175 1812 pro
4238 1730 4376 1814 pa-

990 1818 1293 1902 storali.
1354 1815 1901 1906 solicitudine·
1950 1847 2220 1909 nostra
2274 1818 2422 1907 diu
2501 1822 3032 1942 multumque
3098 1822 3692 1936 exquisivimus
3728 1883 3758 1921 ‚
3840 1819 4155 1934 quibus
4207 1849 4374 1923 mef-

990 1933 1151 2029 diis
1210 1940 1499 2050 magis,
1548 1961 1644 2025 ut
1692 1938 2044 2028 haeresis
2094 1944 2428 2057 penitus
2477 1944 2954 2055 extirpetur,
3010 1970 3219 2027 neve
3271 1964 3516 2050 caput
3569 1971 3817 2023 suum
3889 1939 4375 2024 herculeum

985 2051 1291 2144 futuris
1342 2052 1863 2173 temporibus*
1905 2094 2276 2182 unquam
2331 2062 2684 2176 amplius
2762 2063 3080 2149 attollat
3113 2124 3138 2168 ,
3204 2059 3521 2166 Nobis,
3603 2082 3686 2144 et
3735 2058 4159 2144 Ecclesiae
4237 2090 4386 2143 no·

997 2200 1211 2265 strae
1257 2178 1512 2298 possit
1558 2210 1732 2267 esse
1784 2184 2255 2269 consultum
2296 2245 2321 2289 ,
2391 2213 2660 2267 unum
2745 2179 3086 2269 demum
3120 2246 3151 2287 ,
3215 2176 3474 2296 idque
3558 2182 4058 2263 tutissimum
4115 2178 4365 2263 Nobis

995 2300 1428 2413 inspiravit
1471 2297 1880 2388 Divinum
1930 2301 2264 2391 Numen
2299 2366 2328 2405 ‚
2380 2296 2449 2385 si
2500 2305 2852 2388 nimium
2903 2333 3052 2415 per
3103 2322 3225 2388 tot
3259 2330 3575 2401 annos,
3625 2326 3767 2384 seu
3824 2300 4160 2384 aliunde
4210 2298 4376 2384 huc

999 2442 1430 2527 evocatos,
1497 2450 1641 2507 seu
1696 2417 1801 2506 de
1854 2452 2072 2508 novo
2122 2458 2161 2511 a
2219 2423 2457 2508 nobis
2522 2423 2989 2533 ablegatoS,
3058 2418 3625 2534 ad‘perpetua
3678 2416 3953 2504 futura
4012 2442 4377 2533 tempo-ra

999 2539 1553 2627 stabiliremus
1620 2543 2138 2655 Apostolicos
2222 2542 2834 2648 Missionarios,
2923 2544 3066 2662 qui
3133 2544 3632 2627 incessanter
3698 2537 3800 2624 de
3853 2536 4377 2648 Praefectura

1002 2656 1109 2746 ad
1163 2657 1831 2768 Praefecturam,
1884 2660 1991 2748 de
2041 2665 2458 2781 quarterio
2505 2660 2612 2748 ad
2689 2665 3261 2782 quarterium,
3314 2658 3420 2745 de
3472 2661 3653 2743 loco
3718 2657 3819 2743 ad
3876 2660 4150 2743 locum
4186 2723 4216 2762 ,
4279 2657 4388 2743 de

1008 2777 1258 2867 domo
1316 2778 1426 2865 ad
1478 2777 1819 2867 domum
1874 2805 2449 2887 excurrenteS,
2503 2778 2749 2869 rudes
2801 2786 2883 2867 in
2949 2784 3198 2870 rebus
3249 2777 3485 2867 Fidei
3540 2783 3946 2864 instruant
3979 2844 4008 2882 ,
4060 2780 4144 2863 iu
4199 2778 4396 2863 hae-⁶

1007 2904 1303 2986 reticos
1340 2964 1364 3007 ‚
1429 2903 1563 2986 vel
1618 2898 1723 2989 de
1778 2901 2090 2989 haeresi
2156 2926 2575 3016 suspectos
2657 2906 2997 3009 acriter,
3064 2927 3149 2987 et
3196 2902 3568 2986 alacriter
3631 2902 4109 3016 inquirant,
4181 2929 4390 2984 neve

1008 3017 1213 3105 dum
1267 3021 1650 3106 evellitur
1700 3025 2068 3127 zizania,
2107 3020 2571 3107 eradicetur
2627 3026 2986 3110 triticum
3020 3086 3043 3129 ,
3085 3023 3217 3109 vel
3267 3051 3358 3106 ea
3416 3021 3690 3105 relicta
3730 3082 3753 3126 ,
3807 3042 3890 3104 et
3945 3050 4106 3104 non
4161 3020 4394 3131 evul-

1004 3172 1084 3225 sa
1124 3204 1153 3242 ,
1218 3162 1300 3226 et
1349 3139 1507 3225 hoc
1574 3137 2070 3255 degeneret,
2151 3144 2390 3253 longa
2482 3141 2820 3229 demum
2885 3145 3377 3257 experientia
3449 3138 3877 3224 addiscant
3950 3171 4215 3225 unum
4285 3139 4392 3225 ab

1004 3260 1165 3345 alio
1213 3290 1694 3363 secernere,
1773 3283 1855 3347 et
1906 3293 2327 3377 segregare
2363 3327 2392 3365 ,
2458 3286 2542 3352 et
2592 3288 3094 3373 cognoscant
3140 3259 3477 3348 tandem
3529 3259 3716 3346 ficta
3771 3261 4167 3371 religione
4216 3264 4393 3374 pio-

1005 3413 1191 3468 rum
1244 3402 1561 3466 mentes
1639 3379 2022 3467 ludentes
2072 3448 2095 3491 ,
2186 3405 2590 3501 notosque
2642 3382 3055 3489 habeant,
3110 3385 3254 3502 qui
3309 3381 3615 3465 alienas
3666 3444 3689 3487 ,
3781 3413 3944 3465 non
4031 3412 4215 3465 suas
4269 3413 4391 3467 re·

1004 3524 1614 3619 praesentantes
1664 3532 2049 3617 personas
2101 3567 2124 3610 ,
2212 3501 2532 3587 faciunt
2594 3492 2822 3621 quod
2901 3536 3063 3589 non
3143 3506 3516 3589 sentiunt
3566 3565 3589 3601 ,
3679 3504 4046 3587 sentiunt
4157 3499 4386 3621 quod

1007 3654 1176 3710 non
1259 3619 1554 3707 dicunt
1603 3685 1627 3726 ,
1697 3647 1778 3708 et
1864 3624 2162 3711 volunt
2212 3653 2601 3736 apparere
2656 3687 2682 3727 ,
2747 3621 2974 3740 quod
3026 3655 3197 3709 esse
3253 3622 3551 3707 nolunt
3606 3685 3628 3722 ‚
3693 3624 4382 3738 experianturque

1008 3763 1478 3852 postremO,
1530 3765 1612 3827 et
1662 3743 1815 3828 sibi
1860 3741 2232 3832 habeant
2284 3775 2327 3825 a
2381 3744 2622 3828 nobis
2674 3774 3148 3857 persuasum
3191 3746 3487 3849 ,-cit0,
3545 3742 3717 3827 -ubi
3802 3772 3980 3825 non·
4019 3738 4377 3826 eradica·

1010 3885 1148 3949 tur
1211 3864 1456 3977 pestis
1511 3861 1761 3977 hujus
1818 3861 2042 3949 radix
2079 3930 2106 3971 ,
2169 3885 2425 3949 totam
2496 3863 2820 3975 plebem
2877 3886 3101 3948 certo
3153 3866 3455 3950 certius
3481 3867 3804 3950 »iterum
3843 3923 3866 3966 ,
3924 3864 4395 3979 iterumque

1010 3986 1649 4072 contaminatam
1705 3985 1856 4090 iri,
1925 4012 2302 4103 quaeque
2361 4015 2507 4067 nos
2571 3988 2653 4067 in
2715 4006 2933 4067 tanta
2989 3984 3410 4097 pastoralis
3490 3985 3742 4068 animi
3797 3983 4048 4075 nostri
4105 3984 4396 4067 amari-

1010 4101 1306 4191 tudine
1369 4134 1652 4191 sumus
1703 4105 1912 4219 proh
1977 4103 2212 4190 dolor
2263 4106 2280 4190 1
2353 4106 2662 4220 experti
2714 4166 2737 4212 ,
2806 4126 2889 4190 et
2954 4104 3415 4220 inexpertos
3477 4125 3840 4224 posteros
3917 4097 4398 4190 indubitan-

1018 4249 1142 4312 ter
1219 4254 1578 4311 manere.

1135 4342 1356 4451 Quia
1410 4373 1654 4458 porro
1704 4405 1732 4443 ,
1817 4349 2031 4430 sicut
2083 4348 2164 4432 in
2218 4344 2469 4458 hujus
2523 4373 2766 4428 curae
2829 4366 3143 4457 partem
3198 4343 3479 4431 Sacras
3560 4341 4024 4451 Religiones
4076 4343 4154 4425 in
4241 4347 4400 4424 Ar·

898 4563 909 4573 ,
1021 4462 1512 4549 chidioecesi
1569 4485 1836 4551 nostra
1893 4461 2037 4551 diu
2109 4471 2272 4581 jam
2327 4467 2725 4553 stabilitas
2777 4459 3236 4551 evocandas
3287 4461 3783 4551 credidimus
3811 4510 3841 4561 ·‚
3906 4461 4020 4575 ita
4108 4483 4190 4545 et
4253 4492 4399 4546 ae-

1019 4585 1504 4704 quissimum
1556 4579 2176 4697 judicavimus,
2241 4608 2333 4671 ut
2399 4587 2968 4702 antiquissimo
3041 4581 3380 4673 Ordini-
3437 4584 3711 4667 Sancti
3779 4576 4269 4686 Benedicti,
4350 4613 4395 4664 a

934 4732 943 4741 ‘
992 4696 1185 4824 'quo
1248 4690 1947 4791 sicut‘universae
2001 4737 2255 4822 prope
2306 4703 2855 4807 Germaniae,
2920 4708 3028 4788 ita
3091 4705 3613 4817 singulariter
3662 4702 4145 4785 Provinciae
4196 4699 4397 4785 huic

1018 4846 1343 4911 nostrae
1390 4855 1633 4912 verae
1700 4822 1896 4911 fidei
1980 4826 2266 4912 lumen
2324 4849 2514 4911 ante
2577 4826 2998 4937 complura
3050 4827 3214 4927 iam
3267 4824 3649 4926 saecula,
3714 4815 3951 4908 etad
4004 4822 4171 4933 ipsa
4243 4821 4390 4923 Ar-

1022 4944 1676 5061 cbiepiscopatus
1742 4949 1992 5031 nostri
2044 4949 2275 5032 initia
2331 4946 2652 5032 illatum
2704 4962 2875 5049 est,
2946 4965 3194 5063 atque
3259 4940 3584 5029 assiduo
3650 4967 3830 5027 tum
3891 4940 4388 5054 probitatis,

1022 5095 1212 5152 cum
1301 5088 1383 5153 et
1433 5063 1858 5155 doctrinae
1909 5063 2226 5178 fulgore
2278 5068 2797 5171 coruscavit,
2890 5059 2976 5148 id
3027 5065 3446 5181 pastoralis
3493 5059 3746 5151 officii
3794 5088 4056 5171 genus
4105 5091 4203 5148 eo
4254 5058 4396 5147 de-

1022 5181 1603 5274 mandaremus
1654 5187 2047 5276 libentius
2084 5249 2107 5293 ,
2177 5217 2346 5302 quo
2419 5188 2670 5296 magis
2720 5187 2990 5303 ipsum
3073 5186 3412 5272 Sacrum
3471 5182 3879 5269 Ordinem
3930 5242 3953 5285 ,
4022 5212 4115 5266 ac
4162 5211 4393 5296 prae-

1024 5311 1269 5421 cipue
1322 5310 1949 5394 universitatem
2020 5329 2377 5393 nostram
2447 5304 2721 5393 eidem
2807 5309 3379 5410 commissam,
3447 5301 4074 5392 clementissima
4156 5302 4390 5387 incli-

1023 5428 1359 5515 natione
1412 5457 1845 5547 nunquam
1927 5458 2094 5515 non
2180 5430 2589 5541 prosecuti
2645 5423 2749 5511 ad
2803 5427 3074 5538 ipsum
3126 5429 3626 5513 incessanter
3719 5419 4174 5507 fovendum
4213 5485 4237 5528 ‚
4303 5441 4392 5507 et

1024 5548 1469 5662 gratiarum
1519 5574 1984 5638 nostrarum
2034 5546 2456 5641 favoribus
2506 5544 3174 5668 prosequendum
3231 5568 3463 5634 tanto
3512 5570 4057 5663 provocamur
4106 5540 4394 5630 arden-
