4834 6409
3596 472 3704 534 20

413 557 523 654 de
580 581 937 684 utroque
986 554 1239 650 Clero
1300 557 1708 654 Saeculari
1738 628 1769 671 ,
1819 586 1905 654 et
1951 556 2337 679 Regulari
2384 560 3045 653 Ecclesiasticam
3089 474 3779 657 Jurisdictioneg

408 709 580 774 tam
644 685 1144 773 ordinariam
1180 745 1207 791 ,
1260 716 1509 804 quam
1558 685 2030 802 delegat-am
2082 692 2164 777 in
2216 685 2947 774 Jurisdictionibus
2983 748 3007 791 ‚
3073 689 3243 772 sive
3291 687 3476 770 suis.
3508 685 3783 776 Dice-—

406 806 738 896 cesibns
785 808 1237 921 respective
1270 810 1842 895 exercentibus
1870 871 1894 916 ‚
1946 812 2059 895 in·
2085 813 2396 896 virtute
2430 830 2760 896 sanctae
2809 804 3337 894 obedientiae
3382 808 3777 922 injungit,

408 951 666 1047 atque
714 923 1101 1032 inhibet,
1149 958 1256 1012 ne
1304 924 1411 1016 de
1452 953 1734 1017 cetero
1781 929 2469 1048 quibuscumque.
2509 928 2854 1016 Graecis
2916 951 3086 1017 tam
3138 924 3778 1034 Saecularibus,

413 1078 671 1165 quam
720 1045 1316 1132 Ecclesiasticis
1349 1111 1374 1156 ‚
1437 1053 1683 1137 etiam
1760 1050 2308 1162 Regularibus
2367 1077 2899 1169 quacumque
2946 1048 3376 1159 Dignitate
3409 1108 3436 1153 ,
3487 1070 3782 1165 quam-⁵

407 1167 538 1252 vis
619 1165 1040 1252 Abbatiali
1079 1229 1104 1273 ,
1169 1198 1316 1254 seu
1403 1169 2162 1257 Archimandritiali
2200 1228 2226 1274 ,
2290 1170 2762 1284 Episcopali
2798 1229 2828 1277 ,
2898 1166 3561 1283 Metropolitica,
3616 1168 3777 1254 Ar-

388 1285 989 1400 ‘chiepiscopali
1028 1348 1053 1392 ,
1090 1289 1262 1374 sive
1299 1290 1824 1377 patriarchali
1880 1289 2392 1404 fulgentibus
2443 1292 2727 1396 tacite,
2781 1288 2916 1377 vel
2944 1315 3321 1402 expresse
3369 1288 3528 1371 sub
3566 1319 3778 1408 quo·

413 1436 777 1523 cumque
824 1430 1245 1520 praetextu
1306 1415 1792 1523 permittant
1841 1412 2229 1526 pecunias
2268 1433 2827 1530 quaestuare‚
2875 1408 3009 1495 vel
3061 1409 3354 1524 quovis
3406 1407 3568 1492 alio
3603 1440 3778 1495 mo-

409 1522 520 1609 do
567 1524 1125 1639 eleemosynas
1172 1556 1224 1614 a
1276 1528 1667 1618 fidelibus
1716 1552 2041 1647 petere,
2078 1533 2404 1619 etiamsi
2468 1527 2575 1615 de
2626 1558 2915 1615 eorum
2979 1530 3290 1613 unione
3333 1556 3531 1612 cum
3595 1528 3780 1615 Ec-

406 1644 651 1731 clesia
709 1643 1005 1731 Latina
1055 1678 1206 1761 per
1278 1649 1882 1764 abjurationem
1943 1650 2477 1757 schismatis,
2531 1672 2617 1736 et
2662 1646 2856 1736 fidei
2933 1645 3411 1733 Catholicae
3469 1645 3779 1762 profes-

411 1766 730 1853 sionem
779 1766 862 1849 in
934 1770 1323 1854 manibus
1374 1770 1973 1885 Episcoporum
2012 1832 2040 1876 ,
2090 1771 2224 1858 vel
2276 1770 2871 1888 Inquisitorum
2928 1791 3211 1855 contra
3271 1764 3776 1855 haereticam

403 1886 893 1998 pra-vitatem
946 1888 1199 1972 literis
1258 1891 1939 1977 testimonialibus
1986 1890 2469 1997 docuerint,
2510 1890 2646 1976 vel
2697 1922 2844 2004 per
2888 1890 3091 1974 alios
3126 1888 3636 2003 Episcopus,
3692 1890 3780 1977 et

403 2004 780 2090 locorum
847 2004 1302 2092 ordinarios
1350 2012 1636 2095 similis
1678 2014 2328 2132 quaestuationis
2411 2008 2837 2097 facultates
2899 2013 2986 2093 in
3068 2010 3386 2122 scriptis
3441 2039 3777 2124 accepe-

402 2126 575 2207 rint
609 2186 632 2228 ,
702 2123 832 2209 vel
885 2123 987 2209 ad
1042 2123 1292 2213 fidem
1346 2127 1451 2217 de
1502 2160 1719 2216 novo
1769 2135 2137 2219 converti
2190 2132 2538 2216 aliorum
2594 2129 3318 2219 Schismaticorum
3374 2130 3576 2214 iram
3614 2192 3638 2237 ‚
3694 2154 3779 2217 et

401 2240 742 2328 insidias
792 2242 1162 2356 effugere
1206 2254 1483 2336 conati
1546 2253 1767 2357 sint,
1834 2254 1968 2339 vel
2024 2249 2125 2338 ad
2207 2248 2600 2338 effectum
2668 2246 3587 2366 reparandi'Ecclesias
3666 2251 3774 2337 ab

405 2360 900 2450 Infidelil)us
969 2365 1340 2473 dirutas,
1402 2394 1496 2457 et
1567 2402 1738 2456 non
1796 2372 2318 2458 obstantibus
2368 2374 2546 2457 aliis
2595 2370 3268 2490 quibuscumque
3344 2374 3776 2482 praetexti·

401 2480 619 2586 buS,
698 2506 781 2569 et
830 2491 1140 2572 causis:
1213 2490 1485 2576 immo
1569 2496 1843 2605 potius
1907 2523 2251 2595 omnes,
2304 2515 2397 2578 et
2462 2491 2822 2603 singulas
2887 2492 3159 2575 literas
3223 2489 3678 2601 patentales
3727 2522 3775 2577 a

402 2632 934 2721 quocumque
986 2609 1422 2715 praesule,
1460 2613 1709 2699 etiam
1764 2609 2092 2723 speciali
2147 2634 2338 2696 nota
2375 2609 2684 2722 digne,
2739 2634 2823 2697 et
2870 2643 2911 2695 a
2967 2606 3567 2695 Tribunalibus
3603 2607 3777 2694 Cu·
3865 2664 3869 2669 -

403 2725 572 2808 riae
610 2722 1074 2834 Romanae,
1128 2753 1210 2815 et
1261 2727 1633 2842 ejusdem
1676 2732 1751 2814 S.
1772 2731 2460 2842 Congregationis
2496 2728 2602 2816 de
2648 2729 2858 2818 Fide
2893 2724 3426 2846 Propaganda
3462 2727 3500 2849 (
3532 2725 3775 2815 dum-

401 2840 658 2927 modo
711 2855 1121 2933 contentis
1169 2853 1252 2934 in
1305 2852 1711 2966 praesenti
1766 2851 2126 2936 Decreto
2168 2851 2638 2968 specialiter
2670 2915 2710 2961 2
2748 2874 2830 2938 et
2877 2879 3248 2963 expresse
3298 2876 3467 2934 non
3518 2844 3771 2937 fuerit

397 2957 881 3070 derogatum
936 2998 1124 3051 cnm
1177 2972 1602 3084 posteriori
1656 2968 1917 3089 data)
1968 2973 2239 3057 statim
2293 2973 2508 3057 acin
2565 3002 2850 3058 eorum
2908 2966 3545 3058 ordinariorum
3599 3001 3769 3056 ma·

397 3107 558 3164 nus
627 3090 1215 3195 pervenerint,
1281 3087 1383 3173 ad
1465 3090 1789 3176 Sacram
1878 3089 1983 3177 de
2082 3089 2290 3178 Fide
2368 3087 2908 3206 Propaganda
3013 3090 3766 3200 congregationem

398 3202 981 3287 transmittant.
1034 3204 1150 3291 Et
1206 3239 1308 3294 ne
1360 3232 1643 3296 contra
1694 3214 2324 3326 praemissorum
2378 3215 2754 3297 omnium
2818 3208 3420 3298 observantiam
3471 3209 3769 3324 allega-

397 3323 469 3403 ri
533 3322 788 3432 possit
840 3319 1140 3412 suturis
1188 3330 1697 3443 temporibus
1758 3334 2211 3443 ignorantia
2246 3394 2275 3439 ,
2327 3328 2617 3418 eadem
2680 3332 3085 3418 Sanctitas
3149 3329 3314 3416 Sua
3385 3326 3492 3416 de
3542 3326 3768 3418 Con·

397 3437 583 3523 silio
637 3441 1120 3533 eorumdem
1179 3450 1260 3534 S.
1318 3448 1414 3535 R.
1482 3449 1582 3535 E.
1649 3448 2221 3536 Cardinalium
2299 3451 2620 3557 voluit,
2693 3473 2789 3538 ut
2851 3451 3049 3538 huic
3124 3447 3487 3538 Decreto
3529 3512 3554 3558 ,
3622 3474 3767 3541 aut

272 3614 293 3625 -
395 3560 647 3645 etiarn
700 3560 955 3651 literis
1004 3563 1109 3652 ad
1165 3572 1344 3684 ejus
1409 3568 1758 3656 formam
1826 3568 2275 3684 expeditis,
2337 3602 2483 3658 seu
2551 3568 3080 3686 expediendis
3158 3572 3330 3656 sive
3390 3571 3759 3687 scriptis,

394 3679 568 3767 sive
617 3681 1026 3796 impressis
1086 3686 1194 3773 ab
1259 3687 1636 3804 ejusdem
1711 3713 1988 3776 tamen
2061 3695 2353 3780 Sacrae
2417 3691 3098 3804 Congregationis
3167 3688 3594 3779 Praefecto
3657 3695 3763 3778 si·

395 3800 722 3909 gnatis,
775 3804 1210 3927 sigilloque
1287 3811 1525 3897 solito
1579 3813 1922 3897 munitis
1999 3808 2206 3899 fides
2281 3809 2571 3899 eadem
2642 3808 3137 3898 adhibeatur
3182 3870 3212 3916 ,
3279 3840 3494 3928 quae
3567 3802 3762 3928 ipsis

402 3920 947 4032 originalibus
1006 3937 1606 4041 praestaretur,
1664 3963 1830 4019 non
1896 3931 2414 4019 obstantibus
2449 3931 3147 4053 quibuscumque.
3218 3927 3534 4016 Datum
3599 3933 3761 4018 Ro·
3843 3988 3852 3995 -

395 4066 582 4124 mae
625 4035 760 4129 die
823 4048 903 4152 4.
969 4044 1400 4136 Februarii
1465 4056 1757 4169 1677.:
1815 4050 1907 4138 P.
1964 4050 2211 4139 Card.
2279 4051 2386 4141 de
2451 4053 2782 4139 Alteriis
2840 4047 3331 4140 Praefectus.
3387 4049 3613 4139 Loco
3651 4050 3758 4157 ἄ(

404 4154 691 4268 Sigilli.
756 4160 860 4245 V.
917 4159 1223 4252 Cerrus
1262 4169 1783 4258 Secretarius.

513 4271 583 4378 S.
620 4307 701 4364 2.
766 4281 894 4367 Ac
942 4283 1468 4396 postmodum
1509 4322 1618 4375 re.
1660 4322 1815 4377 me.
1856 4289 2320 4381 Alexander
2354 4294 2572 4407 Papa
2607 4290 2844 4380 VIII.
2885 4287 3471 4379 Praedecessor
3507 4296 3751 4381 etiam
3788 4291 4137 4371 Decretum

395 4417 675 4486 noster
724 4402 1464 4518 supplicationibus
1516 4441 1669 4526 pro
1718 4433 1946 4524 parte
1995 4435 2197 4499 tunc
2247 4416 2549 4527 pariter
2603 4413 3015 4500 existentis
3076 4409 3470 4498 Bernardi
3541 4385 3905 4546 lose-{2⁰
3943 4414 4095 4549 ⁰⁰2·

391 4512 537 4630 phi
577 4548 620 4605 a
668 4518 869 4607 Jesu
921 4521 1182 4613 Maria
1239 4526 1543 4616 Fratris
1605 4561 1975 4646 expresse
2025 4530 2359 4649 professi
2392 4531 2755 4620 ‘Ordinis
2794 4532 3214 4619 Minorum
3259 4530 3337 4615 S.
3381 4533 3449 4617 F
3455 4538 3756 4622 rancis·
3785 4503 4143 4643 Αιῗιᾚᾶπ

395 4637 471 4723 ci
538 4632 645 4727 de
708 4639 1247 4735 observantia
1315 4647 1973 4739 Reformatorum
2039 4656 2706 4770 nuncupatorum
2758 4716 2782 4761 ‚
2856 4683 2951 4739 ac
3001 4648 3613 4763 Commissarii,
3674 4663 3947 4744 etvlll.

390 4752 960 4850 procuratoris
1014 4765 1440 4858 Generalis
1494 4773 1579 4856 in
1637 4770 2003 4860 Romana
2048 4771 2307 4860 Curia
2346 4774 2650 4863 Terrae
2697 4774 3040 4863 Sanctae
3089 4772 3242 4857 sibi
3303 4806 3547 4888 super
3599 4775 3758 4864 hoc

394 4870 821 4968 humiliter
870 4896 1260 4997 porrectis
1320 4892 1767 4979 'inclinatus
1839 4924 1984 5006 per
2033 4924 2216 4980 suas
2288 4897 2371 4979 in
2432 4894 2678 4980 simili
2746 4890 3009 4981 forma
3057 4892 3337 4980 Brevis
3409 4892 3545 4982 die
3612 4928 3748 4984 at.

396 4991 789 5085 Octobris
862 5012 1112 5119 1690.
1168 5008 1586 5125 expeditas
1648 5010 1920 5101 literas
1991 5009 2207 5100 idem
2261 5012 2713 5102 Decretum
2768 5036 2945 5100 toto
3018 5014 3237 5100 illius
3287 5038 3571 5101 tenore
3634 5018 3758 5123 in-

390 5128 611 5202 serto
646 5178 671 5220 ‚
738 5126 1219 5234 approbavit
1254 5192 1282 5232 ,
1351 5153 1434 5214 et
1483 5126 2000 5216 confirmavit
2034 5193 2058 5238 ‚
2126 5164 2221 5219 ac
2286 5134 2493 5218 alius
2544 5157 2792 5247 prout
2840 5135 2923 5220 in
2996 5132 3439 5221 Alexandri
3493 5135 3752 5224 Prae·

390 5232 839 5324 decessoris
893 5242 1140 5329 literis
1205 5246 1585 5360 praefatis
1637 5250 1971 5337 uberius
2025 5256 2524 5339 continetur.

511 5355 579 5457 S.
640 5358 725 5445 3.
793 5355 1011 5448 Cum
1054 5385 1330 5453 autem
1383 5365 1488 5454 ad
1539 5369 2068 5486 Apostolatus
2103 5371 2379 5459 Nostri
2446 5374 2820 5460 notitiam
2869 5379 3340 5494 pervenerit
3390 5404 3555 5463 non
3612 5374 3754 5467 de·
3855 5370 4092 5441 lterum

390 5503 563 5565 este
606 5475 827 5569 hisce
875 5484 1117 5571 etiam
1176 5488 1683 5604 temporibus
1735 5489 2095 5579 Graecos
2160 5490 2782 5601 schismaticos,
2815 5499 2963 5616 qui
3001 5492 3371 5609 subdolis
3408 5497 3749 5610 artibus,
3777 5461 4112 5536 ⁰⁰⁰fi‘m“

393 5624 493 5685 ac
540 5602 1554 5813 emTentitiIsIPraetextibus
1612 5607 2301 5731 christifidelium
2365 5620 2767 5821 pietatetss
2792 5620 3608 5823 gircumvenlentes,
3664 5623 3753 5712 in
3777 5556 4086 5629 Clemens.

714 5749 870 5808 om.
974 5786 994 5812 ‚
