4834 6409
3790 102 3818 151 i

3623 456 3742 566 24

436 588 1003 704 eleemosynas
1071 570 1228 702 pro
1298 577 1633 690 Missis}
1697 575 1963 669 aliave
2040 592 2389 675 munera
2425 637 2452 684 ,
2515 566 2791 664 forent
2853 566 3052 662 lieet
3114 566 3533 675 esculenta
3567 635 3594 681 ‚
3671 483 3816 666 wil

433 714 883 830 poculenta
940 728 1273 796 tantum
1305 768 1337 811 ,
1397 733 1555 790 nec
1611 702 1944 793 valeant
2018 694 2300 812 egredi
2365 699 2562 816 ipsis
2637 694 3162 809 designatum
3230 694 3703 784 districtum
3766 726 3818 783 a

432 820 676 920 nobis
712 896 737 939 ‚
802 830 939 921 vel
987 825 1597 916 successoribus
1680 825 1976 909 nostris
2024 822 2356 939 praevia
2405 848 2577 908 non
2626 818 2907 906 habita
2956 817 3289 907 licentia
3324 881 3354 922 ,
3422 816 3578 911 hac
3640 819 3820 937 ipsa

434 956 598 1040 illis
650 984 815 1038 non
871 952 1023 1036 nisi
1076 951 1300 1063 gravi
1352 943 1483 1032 de.
1524 976 1765 1031 causa
1816 940 2325 1054 deneganda.
3283 1058 3292 1065 ,
3734 982 3742 993 ·

444 1120 455 1135 ·
561 1075 804 1160 Sexto
834 1137 857 1178 ,
922 1073 1115 1161 licet
1162 1098 1410 1183 porro
1461 1063 1731 1152 ordini
1785 1088 1929 1150 tuo
1959 1125 1983 1169 ,
2051 1063 2574 1178 Apostolicae
2624 1061 3027 1167 missionis
3085 1090 3394 1146 munus
3444 1063 3527 1147 in
3583 1086 3816 1176 prae⁴

445 1192 666 1280 dict-a
721 1192 1091 1278 Hallensi
1166 1182 1689 1274 Praefectura
1739 1189 1823 1269 iu
1874 1183 2270 1270 Turuber
2303 1247 2328 1290 ‚
2393 1207 2480 1269 et
2530 1186 2613 1267 in
2681 1183 2948 1268 civico
2998 1179 3372 1267 Hallensi
3425 1180 3820 1268 districtu·

440 1316 844 1431 privative
894 1314 1505 1407 committamus
1522 1372 1551 1411 ,
1592 1298 1945 1393 liberum
2003 1328 2274 1390 tamen
2320 1332 2650 1418 semper-
2698 1302 2962 1391 Nobis
2991 1364 3016 1408 ,
3070 1324 3160 1393 et
3204 1303 3816 1391 successoribus

436 1428 1091 1537 essevolumus,
1132 1432 1331 1516 alios
1378 1460 1721 1548 quoque
1772 1427 2107 1525 alterius
2160 1425 2607 1537 Religionis
2655 1426 2876 1511 viros
2923 1426 3010 1507 in
3062 1419 3535 1511 districtum
3582 1448 3822 1539 praei

435 1555 757 1641 dictum
825 1551 929 1640 ad
986 1542 1310 1665 tempus
1370 1553 1699 1635 mittere
1768 1546 2323 1631 Missionarios
2352 1609 2387 1649 ,f
2443 1543 2554 1629 de
2606 1542 2984 1639 districtu
3035 1570 3230 1628 vero
3279 1545 3479 1630 alibi
3529 1547 3810 1651 etiam,

438 1702 525 1763 et
577 1698 797 1760 extra
862 1674 1098 1757 illum
1162 1670 1268 1756 ad
1320 1666 1750 1753 Missione‘s
1802 1665 1905 1753 ad
1956 1690 2287 1780 tempus
2341 1668 2645 1781 pariter
2693 1665 3075 1775 ablegare
3110 1726 3134 1769 ,
3200 1664 3591 1751 Missione
3643 1661 3858 1750 Or·-

428 1797 662 1882 dinis
716 1799 835 1881 tui
907 1816 1478 1879 verumtamen
1534 1789 1687 1874 fixa
1725 1813 2045 1902 semper
2105 1811 2490 1872 manente
2521 1847 2545 1891 ‚
2582 1815 2900 1901 suoque
2946 1789 3032 1869 in
3090 1786 3382 1875 robore
3431 1783 3693 1883 firma.

442 1940 489 1961 ··
561 1917 915 2001 Noverit
961 1911 1313 2028 proinde
1366 1911 1829 1997 Paternitas'
1875 1932 2013 1993 tua
2044 1971 2068 2014 ,
2128 1913 2430 2023 tuique
2500 1935 3004 1998 successores
3037 1935 3352 1991 omnes
3401 1908 3821 2022 perpetuis

440 2036 748 2122 suturis
804 2022 1315 2149 temporibus
1354 2030 1559 2115 *tam
1614 2030 1984 2114 salutare
2064 2053 2433 2115 nostrum
2516 2030 3027 2140 propositum
3101 2027 3475 2113 alacriter
3525 2030 3821 2148 exequi

442 2146 693 2274 atque
771 2158 853 2238 in
909 2178 1225 2268 partem
1280 2146 1455 2235 'tam
1521 2151 1848 2261 gloriosi
1903 2150 2205 2235 laboris
2265 2152 2542 2235 vocari
2606 2147 3132 2235 haecuostra
3216 2147 3607 2235 mandata
3669 2178 3824 2263 pro

445 2307 687 2393 posse
735 2277 1116 2390 explere,
1182 2271 1410 2391 quod
1460 2276 1525 2356 si
1577 2288 1773 2361 vero
1824 2274 1906 2359 in
1971 2265 2527 2385 adimplendis
2588 2299 2686 2354 cx
2749 2299 2919 2355 asse
2971 2269 3364 2353 omnibus
3429 2271 3825 2384 praescri·-
3881 2380 3884 2383 ,

443 2403 608 2513 ptis
664 2400 1166 2511 negligentes
1203 2459 1226 2500 ‚
1295 2395 1653 2496 incurii,
1722 2418 2178 2508 segnesque
2226 2388 2546 2476 fueritis
2581 2388 3165 2504 Omnipotenti
3214 2389 3451 2496 Dec,
3507 2376 3817 2496 Nobis·,‘

445 2540 528 2603 et
578 2506 1186 2601 successoribus
1276 2517 1622 2616 nostris,
1690 2536 1805 2616 et,
1848 2512 2305 2596 venerabili
2396 2533 2676 2597 nostro
2759 2508 3151 2623 Capitulo
3225 2512 3823 2597 strictissimam

448 2642 851 2724 rationem
917 2633 1439 2740 reddituros,
1502 2661 1820 2748 vosque
1862 2654 2219 2715 nostram
2256 2693 2280 2737 ,
2347 2650 2432 2712 et
2480 2627 2778 2713 horum
2843 2628 3493 2739 indignationem
3545 2627 3869 2716 incur·'

448 2788 706 2844 suros.
774 2748 1082 2843 Actum
1140 2755 1590 2861 Salisburgi
1669 2751 2112 2864 Metropoli
2178 2773 2453 2838 nostra
2518 2748 2673 2834 hae
2751 2746 2888 2836 die
2963 2755 3090 2857 14.
3159 2751 3463 2836 mensis
3540 2749 3823 2836 Martii

450 2880 646 2964 anni
736 2881 1045 2993 1737.:
1122 2873 1619 2990 Leopoldus.
1685 2869 1785 2956 In
1870 2871 2229 2959 Nomine
2294 2872 2655 2977 SSr‘iaae‚
2722 2890 2806 2957 et
2880 2869 3382 2962 Individuae
3454 2870 3858 2978 Trinitas

448 3002 570 3082 tis:
647 3001 948 3083 Amen.
2186 3024 2195 3031 ·

439 3234 622 3323 Nos
675 3232 1140 3348 Leop'oldus
1190 3237 1365 3321 Dec·
1406 3241 1695 3353 gratia
1742 3233 2454 3350 Archiepiscopus
2490 3294 2514 3339 ,
2577 3204 2660 3316 et
2712 3226 3118 3349 Princeps
3166 3232 3822 3355 Salisburgensis

707 3420 730 3442 -.
800 3357 1163 3440 Sanctae
1223 3353 1461 3441 Sedis
1513 3354 2058 3469 Apostolicae
2122 3355 2492 3472 Legatus
2553 3350 2837 3442 Natus
2875 3421 2899 3464 ‚
2985 3375 3066 3441 et
3117 3357 3494 3445 Primus.

1764 3476 2280 3561 Germaniae
2349 3494 2502 3558 etos

570 3720 638 3818 S.
690 3720 786 3804 6.
855 3716 1261 3825 Quamvis
1309 3716 1482 3803 No‘s
1540 3713 1825 3803 divina
1875 3713 2206 3801 favente
2259 3714 2691 3802 clementia
2749 3714 2850 3801 ad
2911 3717 3630 3834 Archiepiscopale
3702 3746 3827 3803 so·-
3851 3713 4055 3821 Datne
4090 3715 4211 3782 1³⁸-

451 3840 661 3924 lium
733 3843 1066 3945 evecti,
1135 3842 1504 3955 aprima
1573 3839 1935 3921 ineuntis
2008 3836 2457 3946 Regiminis
2548 3840 2802 3923 nostri
2877 3836 3016 3925 die
3102 3843 3524 3956 antiquius
3617 3806 4212 3963 nihiltrglgffnga'

440 3990 813 4075 unquam
896 3960 1490 4066 habuerimus,
1557 3970 1845 4078 quam·
1888 3957 2396 4068 Religionis,
2470 3981 2592 4057 et⁸
2632 3956 3109 4055 Catholicae
3187 3960 3427 4046 Fidei
3511 3985 3828 4047 nostrae
3853 3922 4173 4057 {tationes

443 4108 726 4163 curam
765 4141 794 4180 ,
832 4109 1046 4195 quae
1081 4110 1403 4193 semper
1433 4144 1457 4187 ‚
1511 4101 1595 4163 et
1644 4079 1961 4195 ubique
2010 4079 2546 4184 omni-aevu,
2614 4081 2697 4162 in
2752 4084 2978 4164 omni
3017 4083 3362 4195 imperio
3377 4144 3407 4185 ,
3471 4104 3556 4167 et
3603 4078 3828 4196 apud
4147 4075 4152 4081 ’

439 4226 1060 4315 quamcumque
1110 4224 1438 4309 gentem
1490 4201 1925 4312 praecipua
1975 4195 2135 4281 fuit
2171 4259 2194 4303 ‚
2236 4228 2619 4316 quaeque
2670 4230 3049 4289 securum
3101 4224 3228 4286 est
3273 4201 3658 4315 publicae
3709 4200 3828 4287 fe-

440 4317 769 4403 licitatis
818 4323 1115 4431 pignus
1148 4381 1171 4424 ‚
1242 4324 1482 4433 cujus
1532 4316 2054 4404 firmamento
2090 4339 2308 4403 stant
2363 4319 2637 4429 Regna
2678 4382 2702 4423 ,
2769 4344 3359 4406 conservantur
3408 4320 3832 4437 Principa-

440 4461 575 4522 tus
612 4503 641 4543 ,
700 4442 1243 4524 ‘continentur
1302 4434 1671 4540 subditi,
1735 4441 2323 4555 omnigenique
2372 4440 2574 4524 boni
2660 4442 3160 4525 tutissimum
3235 4462 3358 4527 est
3406 4440 3824 4550 fulcrum,

443 4581 765 4667 tantum
824 4582 1093 4645 tamen
1151 4556 1469 4665 abfuit,
1541 4584 1632 4645 ut
1682 4557 2089 4668 haeresis,
2155 4557 2407 4644 hostis
2469 4564 2648 4673 ejus
2700 4564 3483 4675 perniciosissimus,
3548 4567 3831 4650 vince⁴

438 4705 668 4766 retur
701 4743 726 4788 ‚
794 4671 887 4765 ut
935 4684 1210 4794 potius
1261 4683 1585 4767 animus
1634 4681 2102 4765 meminisse
2168 4678 2546 4784 horreat‚'
2603 4684 2936 4798 ipsaque
2987 4680 3337 4793 refugiat
3404 4689 3663 4770 oratio
3712 4706 3832 4772 te¹ss

442 4807 871 4887 terrimum
928 4799 1135 4889 illud
1188 4803 1503 4887 bellum
1534 4866 1563 4905 ,
1618 4798 1844 4920 quod
1896 4824 2326 4914 eapropter
2378 4797 2764 4903 adversus
2813 4802 2984 4887 Nos
3022 4866 3043 4908 ,
3097 4802 3619 4891 Catholicam
3676 4805 3831 4892 Re-

443 4920 828 5030 ligionem
869 4986 892 5025 ‚
963 4949 1044 5009 et
1106 4924 1671 5036 principatum
1725 4927 1992 5036 ipsum
2045 4919 2347 5006 inferre
2419 4927 3238 5038 tentarunt'ipsimet
3296 4923 3609 5010 subditi
3688 4956 3834 5010 no-

443 5043 647 5144 stri,
690 5039 893 5124 dum
950 5070 1348 5151 exurgens
1403 5045 1839 5128 novissime
1888 5040 2133 5153 fatale
2180 5065 2646 5126 monstrum
2699 5075 2795 5130 ex
2846 5047 3236 5129 omnibus
3301 5047 3834 5160 pristinarum

440 5160 870 5246 haeresum
924 5185 1428 5264 concretum,
1462 5181 1807 5273 stragem
1848 5163 2009 5246 late
2036 5165 2470 5249 Sacrorum
2506 5185 2669 5248 tota
2710 5165 3141 5250 Provincia
3178 5188 3445 5251 nostra
3488 5167 3838 5253 circum·

441 5284 657 5369 ferre
689 5344 712 5387 ‚
779 5303 1147 5365 evertere
1198 5283 1404 5365 Aras
1443 5340 1466 5384 ‚
1499 5277 1963 5366 disturbare
2013 5281 2359 5398 Templa
2392 5348 2416 5391 ,
2447 5336 2452 5343 -
2486 5284 2889 5397 Principis
2939 5290 3444 5398 majestatem
3500 5288 3582 5371 in
3639 5314 3837 5373 con⁴
3915 5300 3920 5305 ’

442 5425 849 5516 temptum
881 5467 911 5505 ,
975 5400 1227 5515 hujus
1278 5395 1661 5489 mandata
1717 5406 1799 5487 iu
1860 5397 2315 5491 ludibrium
2355 5468 2378 5510 ‚
2447 5408 2627 5517 jura
2679 5394 2952 5491 omnia
3006 5404 3287 5492 divina
3337 5430 3421 5493 et
3470 5405 3834 5494 hnmana

438 5554 585 5638 per
634 5522 1106 5617 inauditum
1159 5520 1520 5616 furorem
1552 5587 1575 5628 ,
1650 5548 1734 5611 et
1787 5526 2200 5609 vesaniam
2262 5523 2772 5631 nefarie‚·et
2829 5525 3267 5639 saedisrage
3341 5527 3648 5619 violare
3695 5560 3839 5647 pa<-

445 5644 737 5849 rabqat,
804 5646 1014 5729 nihil
1062 5646 1461 5753 sceleris-5
1522 5643 1731 5733 nihil
1782 5642 2015 5751 doli,
2082 5644 2291 5741 nihil
2344 5649 2797 5766 iniquitatis
2849 5650 3360 5737 intentatum
3392 5712 3415 5759 ‚
3467 5672 3553 5739 et
3601 5652 3838 5738 inau-

646 5793 806 5846 om.
857 5766 977 5852 II.
1218 5778 1259 5831 -‘
1636 5799 1641 5804 ·
2864 5768 2902 5851 I
2958 5772 2984 5853 i
3805 5790 3822 5799 ’
