4834 6409
3615 498 3670 559 a

415 605 608 692 tur,
683 585 891 676 cum·
927 609 1202 685 nostra
1250 572 1646 701 scientia,
1724 611 1812 681 et
1860 613 2274 685 consensu
2356 589 2571 687 facta
2620 598 2838 703 sint,
2901 595 3192 713 sicque
3255 592 3342 683 iu
3393 502 3796 706 perpetis}

412 705 744 797 saecula
805 707 1422 819 observabuntur
1435 745 1497 799 r.
1640 786 1651 795 .

536 824 639 915 In
728 830 971 942 cujus
1057 828 1767 925 confirmationem
1844 831 1993 923 bas
2084 832 2359 920 literas
2441 832 2988 921 Fundationis
3069 827 3322 918 modo
3399 851 3799 917 consueto

410 942 1113 1064 subscripsimus,
1187 975 1272 1041 et
1352 953 1718 1063 sigillum
1804 975 2183 1042 nostrum
2262 948 2536 1068 majus
2596 952 2945 1041 fecimus
2979 948 3394 1065 appendi.
3483 952 3794 1039 Actum
3869 1006 3884 1015 -

417 1060 870 1178 salisburgi
931 1101 1000 1154 1.
1055 1072 1360 1161 mensis
1427 1073 1710 1165 Martii
1776 1103 1998 1160 anno
2058 1072 2502 1159 millesimo
2597 1074 3322 1188 septingentesimo
3381 1071 3798 1179 trigesimo

414 1206 671 1271 sexto.
728 1183 1105 1276 Andreas
1150 1189 1515 1281 Jacobus
1566 1190 1673 1281 de
1723 1190 2318 1283 Dietrichstein
2385 1193 2931 1309 Praepositus.

537 1302 1014 1417 Leopoldus
1062 1309 1470 1397 Ernestus
1520 1312 1616 1395 L.
1671 1311 1764 1396 Β.
1817 1309 1926 1399 de
1977 1312 2346 1401 Firmian
2400 1312 2817 1400 Decanus.

533 1420 1025 1558 lJ'ranciscus
1080 1429 1693 1521 Maximilianus
1760 1432 2064 1519 Comes
2113 1429 2219 1533 de
2267 1431 2886 1520 Liechtenstein
2939 1432 3235 1519 senior.
3841 1434 4178 1519 &medica

531 1542 609 1639 S.
695 1575 832 1628 aa.
902 1546 1409 1636 Praeinserta
1462 1574 1757 1639 autem
1836 1551 2220 1666 Capitula
2273 1612 2325 1658 ,a
2378 1551 2732 1663 Regulas
2779 1614 2805 1658 ,
2878 1576 2960 1639 et
3022 1550 3285 1659 Leges
3341 1529 4176 1707 ’1²⁰⁵*quamgffss‘2r‘isri-

412 1658 830 1771 praefatus
896 1663 1374 1780 Leopoldus
1454 1668 2147 1785 Archiepiscopus
2197 1668 2760 1778 condidisset,
2826 1694 2910 1759 et
2986 1668 3092 1758 ad
3161 1667 3509 1754 dilectos
3582 1666 3795 1755 filios
3819 1710 3940 1775 bus
3998 1709 4186 1775 ordi·

411 1777 862 1868 modernos
925 1810 1570 1875 memoratorum
1624 1787 2045 1876 ordinum
2083 1811 2259 1895 ,·et
2342 1790 2922 1879 Institutorum
2997 1790 3452 1903 respective
3537 1789 3794 1903 Supe-
3819 1822 3973 1865 num
4008 1824 4183 1868 acce·

417 1899 670 1984 1'301'08
705 1962 730 2006 2
806 1926 904 1988 ut
953 1892 1537 2016 admitterent,
1605 1912 2123 2024 exciperent,
2189 1932 2275 1996 et
2322 1934 2651 2025 accepta
2704 1910 3106 1997 haberent
3137 1970 3162 2014 ,
3217 1909 3790 2022 proposuisset,
3819 1905 3987 1980 [³⁸²⁸
4055 1892 4181 1957 1²⁸·

3814 2004 3934 2072 1280
4005 2004 4183 2071 pne·

415 2014 669 2103 iidem
737 2020 1117 2110 moderni
1171 2028 1650 2141 Superiores
1685 2091 1711 2136 ,
1778 2061 1873 2120 ea
1909 2090 1935 2134 ,
1986 2060 2149 2147 qua
2201 2060 2351 2144 par.
2396 2053 2621 2136 erat,
2687 2033 3148 2117 animorum
3204 2029 4148 2139 consensione‚,„„,a„m„

415 2157 501 2222 et
565 2137 1038 2231 obedientia
1107 2149 1271 2260 jam
1326 2170 1709 2261 accepta,
1762 2171 1847 2235 et
1917 2171 2086 2234 rata
2138 2147 2666 2255 habuerunt,
2733 2148 2836 2233 ad
2904 2180 3052 2234 nos
3113 2150 3363 2233 etiam
3414 2150 3793 2233 transmi·
3816 2184 3933 2253 pro
3980 2163 4159 2229 obti-¹

414 2256 575 2362 sit,
628 2263 1110 2375 suppliciter
1168 2296 1515 2376 rogans,
1574 2289 1670 2354 ut
1753 2267 2259 2382 approbare,
2336 2290 2420 2357 et
2472 2265 2959 2355 confirmare
3009 2265 3562 2377 dignaremur.
3617 2263 3794 2355 Nos
3817 2251 4022 2408 ”⁰⁰2⁸

414 2403 615 2462 vero
665 2380 806 2464 illa
837 2444 860 2486 ‚
928 2405 1020 2467 ut
1068 2383 1351 2502 quoad
1399 2416 1685 2477 omnes
1739 2409 2007 2504 partes
2070 2388 2297 2501 prius
2375 2390 2978 2475 accuratissime
3063 2387 3725 2481 examinarentur
3764 2364 4149 2504 ,sszzefm‘

416 2490 526 2581 ad
577 2494 1327 2612 Congregationem
1375 2506 1589 2593 Ven.
1646 2507 2028 2597 Fratrum
2081 2528 2551 2593 nostrorum
2608 2508 2687 2591 S.
2729 2507 2826 2593 R.
2862 2508 2964 2592 E.
3019 2502 3594 2595 Cardinalium
3648 2537 3791 2593 ne·
3887 2523 4178 2594 Pontifex

412 2618 653 2724 gotiis
705 2617 1292 2734 Propagandae
1345 2623 1582 2711 Fidei
1634 2627 2282 2739 praepositorum
2337 2628 2823 2713 remisimus.
3771 2618 4177 2773 {nmium-

528 2735 602 2835 S.
669 2739 806 2825 23.
878 2740 1138 2827 Porro
1184 2741 1735 2854 congregatio
1767 2742 2185 2858 praedicta
2237 2765 2404 2833 tam
2442 2746 2959 2830 institutione
3009 2743 3501 2829 Missionum
3555 2771 3790 2855 prae·
3860 2731 3896 2773 ⁸
3944 2730 4180 2798 propo·

410 2849 887 2965 dictarum,
962 2892 1212 2978 quam
1266 2861 1738 2974 Capitulis,
1816 2864 2210 2974 ReguliS,
2293 2889 2377 2951 et
2455 2862 2820 2975 Legibus
2896 2859 3377 2976 hujusmodi
3467 2883 4164 2978 maturogmgationi

412 2979 789 3062 examine
838 2983 1260 3090 perpensis
1316 2980 1420 3067 ad
1489 3013 1634 3070 nos
1695 2986 2037 3089 retulit,
2102 3014 2468 3101 aequum
2515 3014 2742 3087 esse,
2804 3006 2902 3071 ut
2947 2985 3104 3098 piis
3155 2978 3529 3097 ejusdem
3576 2980 3790 3066 Leo·
3812 2978 3892 3046 <¹⁶
3935 2981 4176 3070 Propa-

412 3090 1316 3215 poldiArchiepiscopi
1376 3105 1590 3190 votis
1625 3168 1656 3208 ,
1707 3127 1791 3191 et
1839 3103 2223 3218 precibus
2272 3101 2987 3208 obsecundantes,
3060 3099 3424 3215 praefata
3507 3102 3782 3186 omnia
3812 3070 4019 3228 Ξζ“ᾶ“
4076 3071 4177 3136 Fi·

413 3232 808 3330 tanquam
859 3214 1287 3329 proficua,
1339 3247 1426 3309 et
1487 3224 1867 3310 salutaria
1934 3223 2628 3336 approbaremus,
2698 3245 2788 3310 et
2847 3222 3369 3340 Apostolicae
3438 3242 3789 3313 aucton-
3897 3250 3980 3316 D.
4019 3249 4178 3318 (3011.
4253 3315 4260 3323 ,

417 3335 609 3416 tatis
675 3359 998 3423 nostrae
1061 3342 1528 3430 munimine
1577 3343 2174 3429 roboraremus.
2282 3424 2289 3433 ,
2837 3398 2846 3403 -
3765 3341 4168 3523 ξέἷξῖῗὲη,

529 3454 597 3551 S.
668 3458 804 3561 24.
868 3454 1039 3541 Nos
1090 3460 1373 3577 itaque
1421 3460 1810 3549 eumdem
1881 3457 2409 3574 Leopoldum
2492 3458 3233 3574 Archiepiscopum
3291 3454 3785 3573 specialibus
3809 3521 3892 3588 da
3933 3536 4168 3590 censa.

411 3566 839 3660 favoribus
870 3637 903 3678 ,
952 3599 1036 3685 et
1083 3583 1359 3688 gratiis
1420 3582 1806 3700 prosequi
1834 3582 2222 3683 ,volentes
2258 3640 2284 3685 ,
2350 3604 2435 3666 et
2515 3611 2560 3664 a
2611 3581 3046 3696 quibusvis
3125 3578 3786 3669 excommunica*

412 3692 719 3798 tionis,
783 3700 1393 3808 suspensionis,
1472 3724 1558 3789 et
1639 3695 2122 3801 interdicti,
2215 3699 2563 3817 aliisque
2636 3698 3236 3788 Ecclesiasticis
3298 3697 3781 3803 sententiis,

415 3816 787 3899 censuris
820 3876 850 3921 ,
900 3837 984 3903 et
1029 3823 1317 3931 poenis
1367 3855 1412 3907 a
1464 3824 1644 3935 jure
1680 3883 1711 3928 ,
1765 3820 1905 3909 vel
1955 3818 2060 3929 ab
2110 3817 2450 3904 homine
2497 3821 2786 3934 quavis
2824 3820 3311 3922 occasione,
3362 3815 3497 3903 vel
3546 3844 3791 3900 causa

413 3926 600 4013 latis
634 3992 659 4036 ‚
712 3935 779 4018 si
832 3935 1149 4050 quibus
1187 3940 1821 4055 quomodolibet
1872 3936 2316 4024 innodatus
2383 3940 2653 4024 existit
2685 4000 2711 4045 ,
2798 3936 2903 4024 ad
2953 3934 3346 4023 effectum
3409 3963 3790 4050 praesen-

412 4048 629 4133 tium
692 4048 1117 4140 dumtaxat
1193 4059 1873 4178 consequendum
1924 4058 2480 4159 harumserie
2529 4056 3048 4145 absolventes
3084 4116 3110 4162 ,
3175 4076 3260 4142 et
3308 4054 3792 4139 absolutum

411 4161 596 4252 fore
660 4193 1085 4258 censentes
1114 4176 1187 4282 ,⁸
1219 4179 1958 4293 supplicationibus
2008 4181 2188 4291 ejus
2243 4178 2586 4263 nomine
2637 4176 2873 4263 nobis
2920 4206 3166 4289 super
3242 4170 3403 4258 hoc
3452 4170 3789 4256 humili-

408 4304 538 4369 ter
587 4292 978 4401 porrectis
1028 4293 1469 4404 inclinati,
1532 4298 1639 4384 de
1688 4295 2062 4411 ejusdem
2128 4294 2809 4407 Congregationis
2873 4293 3450 4380 cardinalium
3525 4293 3791 4375 consi·-

413 4401 537 4489 lio
595 4436 759 4492 non
827 4411 1096 4499 solum
1148 4413 1765 4506 Institutionem
1812 4417 2305 4504 Missionum
2357 4415 2688 4529 abipso
2742 4411 3171 4528 Leopoldo
3221 4408 3792 4524 Archlepisco·

405 4554 520 4639 po
567 4552 1031 4644 susceptam
1064 4597 1096 4638 ,
1146 4558 1759 4656 statutamque,
1810 4567 2010 4622 vero
2059 4538 2305 4622 etiam
2358 4538 2858 4647 praeinserta
2914 4531 3340 4648 Capitula,
3392 4530 3779 4640 Regulas‚

411 4667 498 4729 et
554 4644 879 4762 Leges,
935 4686 1031 4741 ac
1114 4656 1531 4768 signanter
1591 4687 1876 4744 omnes
1910 4718 1941 4758 ,
2037 4678 2123 4740 et
2216 4654 2580 4766 singulas
2656 4657 3238 4766 assignationes
3287 4650 3393 4736 ab
3489 4647 3787 4739 eodem

408 4760 847 4879 Leopoldo
904 4774 1553 4894 Archiepiscopo
1629 4810 1780 4890 pro
1855 4775 2351 4861 Mission‘um
2449 4773 2934 4890 hujusmodi
2992 4771 3626 4859 manutentione
3670 4767 3786 4856 fa-
3901 4786 3904 4789 ’

410 4902 583 4969 ctas
610 4947 639 4991 ‚
707 4914 802 4976 ut
844 4892 1305 5010 praefertur
1336 4960 1362 5005 ‚
1438 4921 1539 4986 et
1586 4897 1694 4985 ab
1774 4893 2440 5011 Archiepiscopis
2517 4895 3072 5008 salisburgen.
3159 4890 3786 4979 suecessoribus

411 5001 582 5090 suis
664 5016 1083 5127 perpetuis
1144 5011 1447 5103 futuris
1504 5017 2015 5131 temporibus
2090 5016 2434 5101 omnino
2495 5012 2940 5104 servandas
3015 5013 3506 5101 auctoritate
3563 5011 3787 5121 Apo·
3890 5028 3908 5043 ·

409 5124 697 5211 stolica
745 5149 1037 5220 tenore
1105 5137 1671 5247 praesentium
1706 5200 1730 5242 ‚
1793 5158 2199 5251 perpetuo
2273 5136 2833 5250 approbamus
2880 5197 2912 5239 ,
2991 5156 3078 5220 et
3143 5126 3781 5238 confirmamus,

411 5238 746 5364 illisque
806 5252 1317 5340 inviolabilis
1371 5255 1899 5370 Apostolicae
1946 5254 2353 5342 firmitatis
2404 5256 2662 5341 robur
2711 5254 3143 5343 adiicimus
3178 5313 3204 5359 ,
3281 5278 3782 5366 omnesque,

412 5385 502 5453 et
546 5368 924 5480 singulos
960 5375 1166 5490 juris
1200 5434 1226 5480 ,
1290 5394 1374 5462 et
1420 5371 1613 5463 facti
1649 5437 1677 5484 ,
1743 5385 1863 5462 ‘ae
1910 5376 2526 5463 solemnitatum
2580 5402 3298 5493 quarumcumque
3350 5366 3721 5457 defectus
3755 5433 3781 5477 ,

411 5485 482 5570 si
530 5493 681 5607 qui
744 5489 1099 5611 desuper
1142 5495 1231 5579 in
1302 5495 1465 5581 illis
1525 5494 2159 5618 quomodolibet
2226 5496 2827 5586 intervenerint
2873 5558 2900 5605 ,
2999 5492 3218 5583 dicta
3300 5491 3787 5581 auctoritate

413 5616 891 5731 supplemus
923 5677 952 5727 ,
1019 5633 1106 5707 et
1150 5645 1560 5707 sanamus.

3807 3675 3976 3766 Papa
4020 3695 4170 3741 con·

3811 3764 4037 3835 firmat

3810 2800 3907 2865 nit
3927 2799 3994 2864 S.
4009 2798 4184 2868 Gon-
