4834 6409
1069 487 1251 575 326
3444 570 3455 581 .

1083 613 1322 722 cujus
1369 598 1945 690 officium'erit
1995 624 2360 719 tempore
2405 602 2826 712 Orationi,
2882 614 2966 689 'et
3016 605 3354 723 reliquis
3421 594 3818 701 exercitiis
3858 594 4256 719 assignato
4306 585 4451 687 ob·

1082 756 1429 832 servare,
1497 754 1699 808 num
1750 752 2034 807 omnes
2085 726 2179 808 iis
2230 746 2578 809 vacent:
2651 720 2848 809 item
2914 725 3353 810 observare
3400 724 3740 830 omnia''‚
3797 755 4008 841 quae
4059 720 4165 837 ad:
4199 718 4456 805 hone-

1085 869 1373 932 statem
1414 909 1438 952 ,
1492 868 1573 932 et
1625 841 2089 941 decentiam
2143 868 2558 929 externam
2610 849 3090 956 pertinent,
3143 845 3606 930 Ecclesiam
3640 906 3664 949 ,
3732 844 4461 943 et·Monasterium

1086 967 1168 1051 in
1232 969 1429 1051 locis
1482 965 1836 1079 publicis
1895 961 2479 1076 perlustrando
2520 1024 2541 1067 ,
2595 988 2681 1047 et
2729 971 2789 1048 si
2848 961 3056 1081 quid
3111 968 3705 1049 inconveniens
3756 956 4391 1078 deprehenderit
4435 1020 4459 1060 ,

1088 1084 1189 1172 ad
1246 1085 1656 1170 Abbatem
1717 1080 2034 1167 referat.
2096 1083 2245 1166 ΙΙΙ.
2313 1081 2448 1165 Ad
2502 1114 2864 1169 mensam
2923 1082 3319 1170 habeatur
3368 1080 3633 1169 lectio.
3692 1083 4126 1168 Silentium
4182 1102 4460 1201 autem

1095 1237 1525 1322 nunquam
1591 1204 1695 1288 ab
1759 1202 2082 1287 Abbate
2133 1203 2677 1317 dispensetur.
2738 1204 2817 1288 Si
2873 1234 3119 1319 quem
3173 1196 3369 1289 vero
3419 1196 3895 1291 extraneum
3951 1198 4464 1287 Ecclesiasti-

1096 1359 1340 1429 cum,
1408 1348 1550 1409 aut
1599 1322 2099 1406 saecularem
2178 1326 2610 1434 contigerit
2660 1322 2763 1406 ad
2835 1323 3428 1407 Monasterium
3493 1322 3899 1409 divertere
3939 1385 3963 1428 ,
4046 1325 4218 1431 ipse
4294 1316 4469 1429 Ab*

1091 1447 1241 1531 bas
1290 1446 1512 1528 solus
1562 1508 1586 1548 ‚
1653 1443 1796 1539 vel,
1839 1438 2216 1526 adhibito
2272 1446 2549 1559 aliquo
2614 1446 2774 1527 alio
2848 1441 3290 1548 Mo‘nachO,
3359 1446 3777 1554 proillius
3830 1444 3981 1527 viri
4034 1439 4459 1550 dignitate,

1089 1569 1391 1680 poterit
1456 1562 1700 1667 simul
1754 1593 1940 1644 cum
1996 1563 2139 1646 illo
2217 1566 2500 1650 cibum
2562 1592 2935 1669 sumere,
3002 1561 3256 1679 idque
3319 1565 3382 1654 si
3434 1559 3608 1647 fi'eri
3661 1564 3989 1675 poterit,
4045 1584 4260 1645 extra
4310 1556 4472 1675 Re?

1090 1685 1588 1771 sectoriam:
1662 1682 2027 1799 alioquin
2084 1683 2216 1765 vel
2272 1707 2459 1768 ante
2496 1745 2523 1783 ,
2578 1685 2703 1768 vel
2776 1708 3205 1801 postquam
3262 1682 3648 1771 Monacbi
3705 1687 3784 1765 in
3846 1678 4307 1766 Refectorio
4358 1678 4471 1759 ci·

1095 1807 1301 1889 bum
1355 1803 1876 1913 sumpserint.
1937 1800 2082 1884 IV.
2149 1800 2370 1887 Cum
2425 1801 2885 1886 Monachus
2940 1802 3046 1885 de
3096 1802 3596 1887 Monasterio
3632 1792 3869 1887 ‘'ex'i‘re'
3930 1834 4089 1885 non
4148 1796 4469 1913 debeat,

1097 1929 1253 2010 nisi
1306 1926 1525 2005 socio
1577 1918 1951 2004 adhibito
1989 1984 2011 2024 ,
2068 1952 2318 2037 quem
2385 1923 2537 2030 sibi
2592 1923 2876 2009 Abbas
2928 1924 3453 2029 assignaverit
3490 1984 3513 2025 ,
3568 1918 3936 2008 advertat
4008 1919 4327 2021 Abbas,
4384 1936 4477 2000 ut

1093 2048 1208 2128 sic
1261 2047 1521 2126 socios
1571 2038 2168 2142 accommodet,
2238 2073 2340 2126 ne
2407 2044 2648 2124 sociis
2684 2072 2983 2151 graves
3062 2043 3219 2124 sint
3271 2105 3295 2146 ,
3360 2043 3897 2127 'aut'mole'sti
3935 2052 3981 2146 ,'
4031 2038 4302 2154 neque
4354 2038 4478 2117 ni-

1098 2167 1252 2247 mis
1303 2159 1742 2244 familiares
1778 2221 1802 2262 ,
1858 2185 1999 2245 aut
2060 2164 2443 2276 suspecti.
2529 2162 2633 2243 V.
2690 2160 2867 2247 Nisi
2924 2166 3354 2247 necessitas
3406 2158 3864 2275 coegerit'(
3915 2156 4127 2279 quae
4203 2180 4479 2240 tamen

1104 2284 1209 2366 ab
1268 2281 1593 2365 Abbate
1646 2282 1798 2363 erit
1848 2278 2446 2388 cognoscenda,
2500 2304 2583 2364 et
2634 2279 3053 2397 probanda
3099 2282 3133 2397 )
3196 2280 3552 2388 Monaci,
3610 2280 3714 2366 ad
3767 2281 4257 2378 ministeria,
4307 2278 4480 2359 sive

1097 2399 1202 2487 ad
1252 2398 1626 2485 studium
1681 2402 1891 2484 intra
1946 2402 2544 2485 Monasterium
2602 2396 2953 2507 addicti,
3022 2399 3126 2485 de
3176 2398 3673 2489 M'onasterio
3723 2397 3998 2512 egredi
4058 2429 4219 2482 non
4298 2428 4481 2513 per·

1098 2525 1561 2623 mittantur,
1631 2518 1782 2601 nisi
1847 2520 2123 2611 bisin
2200 2518 2778 2625 hebdomada,
2850 2545 2928 2606 et
2981 2552 3166 2604 cum
3229 2510 3855 2632 interpolatione
3908 2514 4292 2619 dierum,
4342 2548 4486 2629 pe-

1099 2643 1507 2756 ractisque
1559 2641 1786 2750 prius
1843 2643 2310 2727 ministeriis
2366 2645 2881 2724 necessariis:
2927 2638 3337 2757 idque'ita
3395 2643 3498 2724 ab
3554 2642 4080 2757 Abbate.per
4132 2662 4479 2753 turnum

1105 2758 1708 2861 distribuatur,
1777 2782 1870 2841 ut
1923 2785 2005 2846 et
2054 2757 2485 2870 disciplina
2545 2761 2965 2869 Regularis
3034 2760 3664 2845 i'nMonasterio
3738 2760 3945 2844 nihil
4009 2756 4487 2845 detrimenti

1107 2883 1432 2992 capiat,
1492 2901 1577 2962 et
1629 2879 2015 2964 omnibus
2068 2912 2213 2992 per
2267 2875 2871 2966 hebdomadam
2926 2879 3357 2969 Monachis
3405 2868 3748 2964 facultas
3802 2875 4148 2964 exeundi
4206 2909 4252 2961 e
4303 2876 4491 2959 Mo-

1109 3001 1466 3084 nasterio
1532 2996 1979 3111 aequaliter
2032 2998 2301 3086 detur.
2367 2998 2689 3085 Diebus
2756 3025 3027 3085 autem
3081 3000 3574 3101 Dominicis,
3627 3024 3707 3085 et
3759 2998 3979 3085 sestis
4033 2997 4485 3110 majoribus

1107 3150 1356 3203 nemo
1410 3119 1658 3228 possit
1708 3122 2033 3203 veniam
2069 3120 2439 3205 ‘exeundi
2497 3122 2870 3221 obtinere
2908 3182 2931 3224 ,
2988 3122 3139 3203 nisi
3196 3121 3621 3206 celebratis
3674 3123 3899 3235 prius
3948 3118 4278 3202 Dixinis
4334 3110 4490 3199 Of-

1107 3236 1315 3322 ficiis
1380 3261 1520 3320 aut
1595 3266 1692 3318 eo
1757 3234 2182 3323 dumtaxat
2263 3244 2649 3352 temporis
2729 3243 2991 3351 spatio
3043 3302 3065 3343 ,
3158 3237 3382 3356 quod
3453 3273 3493 3324 a
3561 3239 3866 3325 divinis
3931 3234 4254 3322 Officiis
4332 3242 4491 3320 vass-

1111 3387 1362 3440 cuum
1417 3364 1584 3439 est'.
1653 3355 1801 3436 VI.
1867 3358 1942 3439 E
2018 3359 2514 3444 Monasterio
2567 3362 2857 3467 egressi
2903 3422 2925 3459 ‚
2994 3355 3496 3444 honestatem
3553 3381 3635 3443 et
3690 3352 4172 3442 modestiam
4225 3360 4490 3441 inces-

1112 3509 1207 3560 su
1260 3539 1283 3582 ‚
1373 3474 1753 3558 manibus
1803 3539 1826 3579 ,
1896 3477 2309 3596 colloquio
2360 3543 2383 3584 ,
2422 3510 2433 3519 ‘
2467 3482 2726 3562 oculis
2788 3477 3227 3563 exhibeant
3278 3515 3295 3561 ε
3370 3481 3544 3563 loca
3609 3481 4039 3565 remotiora
4093 3541 4116 3583 ,
4182 3500 4266 3561 et
4323 3475 4495 3558 Ec-

1114 3597 1395 3681 clesias
1438 3597 1730 3689 ‚minus
1784 3593 2256 3712 frequentes
2308 3597 2662 3683 adeant:
2745 3629 3126 3709 personas
3164 3662 3186 3703 ,
3248 3602 3478 3704 vias,
3546 3597 3789 3685 aedes
3827 3662 3855 3702 ,
3912 3595 4283 3680 officinas
4350 3626 4490 3679 su-

1113 3738 1427 3829 spectas
1462 3778 1489 3816 ‚
1555 3735 1696 3797 aut
1746 3711 2087 3800 infames
2139 3715 2491 3802 divitent
2539 3753 2556 3800 ε
2616 3749 2805 3802 cum
2859 3717 3411 3803 saecularibus
3465 3750 3626 3804 nou
3692 3740 4013 3804 tantum
4076 3713 4491 3801 familiari·

1117 3838 1300 3918 tatis
1366 3832 1720 3916 habeant
1757 3898 1779 3938 ‚
1834 3860 1928 3919 ut
1980 3838 2106 3920 vel
2173 3861 2476 3920 secreta
2532 3836 3007 3923 Monasterii
3077 3841 3173 3921 iis
3239 3839 3607 3923 revelent
3654 3902 3677 3944 ,
3746 3838 3874 3923 vel
3930 3869 4023 3922 ex
4077 3835 4491 3955 frequenti

1116 3983 1404 4038 eorum
1456 3958 2071 4039 conversatione
2123 3989 2166 4038 a
2239 3956 2690 4041 Monastica
2744 3954 3170 4071 disciplina
3237 3959 3758 4072 relaxentur:
3833 3957 4261 4075 multoque
4324 3989 4495 4040 ma-

1116 4075 1236 4183 gis
1287 4106 1331 4157 a
1381 4069 1923 4171 foeminarum
1978 4075 2392 4192 colloquio
2446 4076 2960 4182 abstineant,
3029 4109 3297 4194 neque
3350 4110 3481 4162 eas
3558 4081 3917 4162 invisant
3959 4142 3981 4178 ,
4047 4102 4189 4161 aut
4237 4074 4337 4161 ad
4396 4077 4492 4159 il-

1116 4194 1234 4278 las
1297 4191 1659 4275 scribant
1706 4253 1730 4296 ,
1792 4197 1938 4277 nisi
1996 4196 2080 4277 in
2135 4226 2426 4303 magna
2487 4198 3007 4302 necessitate,
3083 4221 3224 4280 aut
3275 4230 3463 4282 cum
3530 4231 3671 4311 spe
3737 4201 4006 4305 magni
4075 4194 4491 4308 profectus

1120 4310 1610 4423 spiritualis,
1677 4334 1758 4395 et
1806 4312 2183 4397 consulto
2260 4346 2627 4426 expresse
2682 4315 3035 4401 Abbate.
3088 4316 3279 4399 VII.
3335 4317 3521 4401 Non
3574 4323 3994 4430 permittat
4051 4316 4352 4417 Abbas,
4399 4341 4497 4399 ut

1117 4427 1511 4514 Monachi
1576 4432 2064 4515 munuscula
2134 4430 2483 4518 offerant
2558 4434 3166 4544 Magistratibus
3203 4499 3226 4539 ,
3280 4461 3431 4521 aut.
3471 4469 3752 4522 eorum
3811 4437 4033 4519 aulas
4111 4431 4495 4550 frequen·

1119 4573 1358 4651 tent,
1424 4570 1564 4631 aut
1649 4550 2040 4634 amicitias
2109 4582 2615 4669 quocunque
2683 4551 2929 4636 modo
2993 4556 3427 4640 ambiant:
3494 4558 3966 4668 praesertim
4046 4557 4107 4637 si
4187 4552 4496 4664 depre-

1120 4665 1506 4752 henderit
1568 4696 1702 4749 eos
1764 4668 1916 4753 hae
1989 4673 2121 4755 via
2194 4668 2293 4754 ad
2361 4669 3014 4759 Ecclesiasticam
3070 4674 3639 4787 Dignitatem,
3707 4678 3837 4759 vel
3907 4679 3987 4758 in
4066 4673 4495 4784 Religione

1121 4785 2022 4900 gradum'prorepere:
2094 4790 2176 4874 Si
2228 4820 2475 4907 quem
2532 4823 2727 4876 vero
2780 4788 3027 4905 hujus
3088 4797 3444 4882 ambitus
3513 4787 3783 4880 reum·
3822 4797 4260 4903 invenerit,
4313 4826 4484 4904 gra·

1117 4910 1329 4992 viter
1377 4907 1670 5016 puniat
1719 4970 1742 5011 ,
1811 4929 1892 4993 et
1961 4906 2064 4992 ad
2121 4910 2533 4994 Abbatem
2590 4908 3078 4997 General'em
3138 4910 3468 4998 deferat.
3540 4914 3772 4999 Idem
3828 4914 3932 4999 de
3985 4914 4312 5011 Abbaje
4364 4913 4494 4996 di-

1123 5024 1512 5127 cendum,
1578 5025 1641 5106 si
1697 5052 2011 5138 praeter
2063 5055 2531 5134 consuetas,
2573 5054 2655 5116 et
2721 5036 3200 5117 necessarias
3248 5018 3880 5144 Magistratuum
3955 5038 4486 5136 visitationes,

1123 5173 1732 5259 munerumque
1817 5148 2268 5235 oblationes
2306 5213 2327 5253 ,
2389 5153 2524 5235 vel
2580 5150 2782 5267 quid
2868 5174 3173 5237 novum
3227 5146 3755 5237 introducere
3814 5157 4301 5263 tentaverit,
4363 5155 4503 5241 vel

1124 5272 1295 5381 ipse
1343 5265 1827 5393 Magnatum
1881 5270 2268 5354 amicitias
2322 5270 2505 5383 plus
2558 5304 2822 5402 aequo
2874 5296 3196 5385 captare
3247 5270 3805 5389 deprehensus
3862 5274 4127 5360 fuerit.
