4834 6409
396 485 411 497 .
2315 453 2327 473 ι
3145 447 3154 452 -
3660 418 3710 487 2
3779 392 3831 489 ὅ

400 504 407 513 ⁸
462 504 686 615 tibus
735 523 1291 614 secretarium
1336 521 1885 641 suprascripto
1936 514 2225 606 libello
2260 512 2670 634 supplici,
2701 505 2786 604 et
2834 511 3121 605 audito
3165 508 3409 605 Patre
3443 402 4046 606 Ministllofifflfiss
4069 537 4223 606 prae·

464 647 855 734 Generali
913 641 1256 728 Ordinis
1320 650 1400 731 S.
1463 645 1528 728 F
1536 643 1874 729 rancisci
1910 706 1936 747 ,
1993 641 2235 725 Sacra
2284 637 2835 747 Congregatio
2884 642 3224 723 oratoris
3269 639 3658 754 precibus
3688 639 3837 725 he·
3857 604 4043 672 fatae.

467 771 726 878 nigne
792 768 1122 871 annuit,
1176 770 1397 877 juxta
1462 766 1714 877 petita
1755 825 1777 867 ,
1844 763 2061 848 salva
2134 782 2410 844 tamen
2451 758 3383 868 semperProcuratoris
3436 781 3687 872 prout
3745 762 3835 843 in

242 930 251 937 ·
382 904 387 905 ’
458 887 850 999 precibus
893 883 1503 988 constituendi,
1543 887 1892 998 ejusque
1958 882 2174 965 Socii
2229 908 2374 990 pro
2429 899 2798 989 tempore
2851 876 3328 979 omnimoda
3378 879 3485 964 ab
3539 875 3833 964 eadem

464 1005 706 1089 Sacra
764 1003 1424 1115 Congregatione
1475 999 2057 1113 dependentia.
2137 997 2454 1082 Datum
2508 996 2817 1083 Romae
2868 1029 2961 1083 ex
3026 995 3372 1097 aedibus
3424 995 3836 1110 praefatae

465 1123 758 1210 Sacrae
811 1120 1489 1236 Congregationis
1541 1120 1676 1207 die
1707 1184 1729 1226 ,
1764 1143 1848 1206 et
1894 1147 2114 1203 anno
2143 1181 2173 1219 ,
2206 1117 2512 1231 quibus
2561 1144 2802 1229 supra
2839 1143 2891 1196 :2
2920 1117 3024 1200 V.
3079 1115 3540 1205 Cardiualis
3593 1118 3835 1203 Petra

468 1240 969 1326 Praefectus.
1025 1275 1075 1325 ε
1118 1243 1545 1355 Philippus
1597 1241 1703 1325 de
1753 1238 2185 1323 Montibus
2250 1236 2750 1320 secretarius
2799 1265 2849 1314 :
2888 1228 3506 1346 locoffisigillis
3861 1285 4213 1353 Confirma-

582 1360 653 1458 S.
714 1364 794 1444 3.
868 1361 1084 1446 Cum
1142 1383 1469 1464 autem,
1525 1364 1736 1445 sicut
1783 1388 1936 1471 pro
1984 1380 2213 1470 parte
2266 1353 2470 1439 dicti
2525 1353 2592 1435 F
2597 1350 2941 1438 rancisci
3012 1355 3249 1438 nobis
3302 1353 3659 1439 subinde
3706 1384 3836 1439 ex·
3859 1393 3967 1445 tur
4013 1402 4048 1444 a
4087 1380 4225 1444 cle·

402 1572 407 1579 ,
463 1482 824 1591 positum
888 1478 1047 1566 fuit
1082 1544 1106 1586 ,
1162 1484 1332 1594 ipse
1381 1482 1831 1564 Decretum
1884 1472 2359 1589 hujusmodi
2414 1473 2583 1590 quo
2634 1471 2948 1557 firmius
2998 1474 3438 1591 subsistat,
3489 1477 3836 1587 Aposto-
3859 1482 4092 1537 mente.

462 1598 677 1684 {icae
727 1598 1372 1684 confirmationis
1458 1622 1779 1681 nostrae
1834 1597 2287 1710 patrocinio
2340 1595 2835 1685 communiri
2888 1594 3342 1705 plurimum
3395 1591 3831 1703 desideret3

462 1715 636 1802 Nos
686 1720 1542 1830 ipsum.l⁴'ranciscum
1592 1716 2083 1831 specialibus
2133 1710 2551 1803 favoribus
2586 1775 2615 1814 ,
2666 1735 2747 1797 et
2798 1715 3072 1821 gratiis
3112 1713 3835 1828 prosequ'imvolen-

460 1857 583 1920 tes
629 1898 653 1939 ,
713 1861 796 1921 et
865 1872 910 1921 a
977 1839 1408 1956 quibusvis
1470 1833 2334 1921 excommunicationis
2385 1894 2409 1936 ,
2496 1835 3051 1944 suspensionis
3087 1894 3111 1932 ,
3202 1853 3284 1925 et
3345 1830 3828 1935 interdicti,

464 1955 816 2070 aliisque
864 1957 1460 2040 Ecclesiasticis
1508 1959 1980 2059 sententiis,
2045 1952 2452 2054 censuris,
2506 1973 2588 2036 et
2637 1954 2925 2063 poenis
2973 1983 3014 2045 a
3066 1955 3293 2063 jure,
3350 1952 3482 2038 vel
3534 1951 3638 2036 ab
3661 1951 3834 2057 „hp-

388 2134 397 2173 -,
461 2074 691 2158 minc
741 2080 1027 2191 quavis
1091 2079 1559 2180 occasione,
1631 2076 1764 2160 vel
1818 2105 2054 2158 causa
2111 2071 2290 2154 latis
2342 2072 2405 2152 si
2460 2069 2765 2187 quibus
2801 2068 3431 2187 quomodolibet
3479 2069 3828 2169 innoda-

459 2214 595 2296 tus
651 2197 970 2299 existit,
1038 2192 1143 2278 ad
1194 2190 1586 2279 effectum
1640 2194 2228 2305 praesentium
2294 2184 2718 2275 dumtaxat
2773 2189 3462 2305 consequendum
3534 2186 3833 2289 harum

463 2313 672 2397 serie
724 2313 1294 2416 absolventes,
1350 2338 1434 2399 et
1482 2313 1953 2413 absolutum
2023 2312 2195 2396 fore
2276 2331 2702 2395 censentes
2739 2369 2762 2415 ,
2841 2310 3594 2422 supplicationibus
3649 2316 3829 2424 eius

392 2526 397 2533 ι
464 2433 801 2535 nomine
851 2432 1111 2517 Nobis
1161 2463 1404 2548 super
1461 2432 1617 2518 hoc
1669 2430 2092 2514 humiliter
2143 2431 2534 2544 porrectis
2587 2427 3020 2532 inclinati,
3073 2429 3528 2525 Decretum
3592 2461 3827 2544 prae-

458 2552 861 2635 insertum
898 2614 921 2657 ,
991 2556 1473 2639 auctoritate
1527 2550 1994 2661 Apostolica
2031 2610 2055 2653 ,
2124 2570 2406 2632 tenore
2473 2550 3024 2658 praesentium
3075 2549 3624 2662 approbamus
3663 2610 3687 2652 ‚
3742 2572 3882 2636 et·-
3923 2568 3954 2585 ‘¹
4064 2568 4076 2579 “

382 2734 386 2738 Α
458 2665 1102 2775 confirmamus,
1152 2674 1441 2787 illique
1492 2665 2552 2779 inviolabilisApostolicae
2601 2662 3006 2750 firmitatis
3057 2666 3310 2757 robur
3360 2665 3825 2770 adiioimus,
4165 2693 4172 2701 ·

456 2788 673 2870 salva
732 2811 1007 2874 tamen
1062 2820 1381 2904 semper
1433 2790 1515 2873 in
1554 2789 2011 2903 praemissis
2059 2785 2546 2873 auctoritate
2597 2780 3092 2879 memoratae
3145 2783 3823 2899 Congregationis

462 2902 1064 2993 Cardinalium.
1394 2976 1403 2985 .
1678 2984 1683 2991 .
1763 2984 1771 2994 .
2603 2990 2609 2997 .

462 3073 476 3083 -
561 3023 647 3120 .§.
701 3030 782 3130 4.
837 3025 1398 3113 Decernentes
1452 3024 1785 3115 easdem
1834 3042 2295 3143 'praesentes
2346 3026 2642 3121 literas,
2685 3018 2959 3115 firmas
2998 3089 3022 3135 ,
3079 3020 3393 3113 validas
3431 3087 3455 3131 ,
3506 3045 3588 3108 et
3651 3019 3827 3123 effi·
3852 2997 4210 3154 setus-¹23⁰*

463 3170 698 3228 caces
762 3147 1103 3231 existere
1138 3207 1162 3251 ,
1238 3170 1320 3232 et
1370 3145 1542 3234 fore
1577 3208 1602 3251 ,
1650 3176 2005 3265 suosque
2058 3147 2461 3258 plenarios
2496 3204 2522 3248 ,
2577 3165 2661 3231 et
2709 3146 3066 3257 integros
3115 3142 3468 3263 effectus·
3511 3146 3818 3249 sortiri,
3849 3112 4101 3244 sei-viln-

465 3282 550 3344 et
599 3258 976 3350 obtinere
1014 3326 1037 3369 ‚
1091 3297 1183 3351 ac
1237 3265 1550 3352 illis.ad
1594 3295 1807 3382 quos
1855 3288 2165 3381 spectat
2201 3328 2224 3371 ,
2300 3287 2387 3353 et
2467 3284 2618 3378 pro
2683 3286 3049 3379 tempore
3126 3259 3826 3383 quandocumque
3851 3264 4004 3374 ἄρξῃ
4037 3292 4209 3358 prae-

446 3380 864 3492 spectabit
915 3386 1019 3469 in«
1054 3385 1468 3490 omnibus,
1503 3407 1586 3475 et
1624 3387 2089 3493 peremnia
2141 3384 2613 3496 plenissime
2663 3380 3127 3493 suffragari:
3160 3385 3446 3502 sicque
3482 3384 3568 3469 in
3606 3414 3831 3499 prae·
3853 3371 4102 3450 ‘'wau‘’
4151 3452 4156 3457 -

386 3576 391 3583 .
465 3501 728 3584 missis
779 3532 1554 3622 perquoscumque
1603 3500 1940 3590 Judices
1990 3500 2498 3607 ordinarios,
2551 3522 2636 3591 et
2693 3502 3183 3612 Delegatos‚
3253 3505 3500 3589 etiam
3550 3532 3868 3593 causa··

456 3646 649 3707 tum
704 3618 992 3708 Palatii
1046 3625 1502 3737 Apostolici
1554 3621 1999 3709 Auditores
2060 3620 2476 3739 judicari,
2557 3643 2639 3708 et
2698 3618 3025 3708 definiri
3085 3618 3448 3726 debere,
3497 3653 3592 3708 ac
3649 3626 3832 3709 irri-

395 3826 401 3841 ,
456 3757 685 3845 tum,
739 3762 820 3825 et
874 3744 1233 3829 inanesi
1282 3772 1810 3858 secus-super
1848 3742 1973 3827 his
2025 3774 2067 3827 a
2107 3766 2528 3862 quoquam
2579 3743 2868 3859 quavis
2917 3743 3402 3829 auctoritate
3449 3744 3826 3855 scienter,

452 3856 596 3941 vel
644 3859 1113 3967 ignoranter
1164 3866 1601 3976 contigerit
1649 3865 2052 3951 attentari.
4156 3943 4171 3961 ,

452 4038 468 4057 .
577 3971 647 4074 S.
715 3978 789 4060 5.
863 3977 1049 4064 Non
1106 3980 1622 4068 obstantibus
1671 3979 2432 4069 Constitutionibus
2469 4038 2492 4084 ,
2567 4001 2648 4066 et
2698 3975 3356 4071 ordinationibus
3415 3940 4214 4100 Apostoli-tfiffi¹t'{}¹⁸

427 4091 579 4179 ,cis
617 4152 640 4196 ,
718 4123 869 4180 nec
924 4127 1085 4183 non
1141 4099 1687 4215 Provinciae,
1758 4099 2309 4205 Conventus,
2388 4119 2472 4184 et
2513 4094 2867 4183 ‘Ordinis
2916 4096 3528 4209 praedictorum
3575 4103 3830 4187 etiam
4163 4104 4186 4125 ”

461 4213 931 4322 juramento
961 4276 984 4320 ,
1039 4214 1665 4321 confirmatione
1715 4218 2179 4327 Apostolica
2219 4279 2245 4315 ,
2312 4217 2445 4307 vel
2495 4218 2784 4333 quavis
2846 4214 3232 4301 firmitate
3281 4217 3434 4303 alia
3501 4218 3829 4311 robora·

467 4330 622 4434 tis,
704 4337 1080 4439 statutis,
1169 4333 1911 4423 consuetudinibus
1946 4399 1975 4442 ,
2039 4337 2487 4448 privilegiis
2538 4362 2871 4454 quoque
2951 4331 3351 4439 indultis,
3423 4356 3508 4420 et
3567 4337 3827 4427 literis

462 4452 959 4564 Apostolicis
1011 4457 1092 4539 in
1168 4456 1669 4543 contrarium
1740 4456 2368 4573 praemissorum
2420 4450 3052 4572 quomodolibet
3133 4456 3578 4563 concessis,
3635 4486 3829 4546 con·

330 4587 339 4594 ⁴
438 4565 869 4675 firmatis,
953 4594 1035 4660 et
1084 4574 1524 4661 innovatis.
1575 4574 1908 4685 Quibus
1958 4574 2428 4679 omnibus,
2493 4594 2575 4659 et
2651 4572 3034 4683 singulis,
3102 4571 3433 4660 illorum
3498 4597 3826 4668 tenores

463 4692 1035 4888 praesentibus
1088 4723 1237 4804 pro
1287 4694 1530 4810 plene
1565 4754 1589 4799 ‚
1642 4717 1726 4782 et
1775 4689 2283 4782 sufficienter
2334 4692 2723 4804 expressis
2761 4751 2786 4795 ,
2825 4722 2946 4783 ac
2997 4689 3102 4777 de
3152 4693 3408 4793 verbo
3463 4692 3591 4793 ,ad
3639 4728 3822 4788 ver·

535 4836 672 4892 um
726 4812 1046 4900 insertis
1097 4811 1544 4921 habentes,
1578 4814 1737 4901 illis
1788 4813 1989 4900 alias·
2033 4813 2113 4897 in
2168 4843 2320 4903 suo
2360 4810 2652 4899 robore
2700 4816 3250 4926 permansuris
3287 4810 3392 4898 ad
3444 4822 3830 4928 praemis·

467 4949 744 5010 sorum
798 4928 1187 5018 effectum
1241 4931 1392 5017 hac
1441 4936 1625 5019 vice
1688 4929 2113 5021 dumtaxat
2171 4931 2626 5049 specialiter
2675 4992 2698 5035 ,
2753 4952 2833 5017 et
2884 4960 3251 5048 expresse
3301 4930 3822 5045 derogamus,

471 5045 927 5168 ceterisque
989 5053 1431 5137 contrariis·
1542 5053 2173 5170 uibuscumque.

582 5159 895 5252 Datum
953 5167 1259 5255 Romae
1310 5186 1470 5282 ap'u
1586 5170 1969 5259 Sanctam
2028 5169 2373 5257 Mariam
2425 5168 2581 5256 sub
2635 5173 2977 5261 Annulo
3016 5169 3444 5261 Piscatoris
3494 5166 3631 5258 die
3685 5203 3820 5258 22.

463 5283 817 5397 Augusti
880 5285 1129 5405 1738.
1184 5286 1721 5379 Pontificatus
1770 5290 2028 5379 nostri
2078 5318 2296 5379 anno
2352 5316 2593 5379 nonu.

3985 5506 4084 5523 uuu
