4834 6409
1044 447 1215 558 234

654 566 1953 683 ”³⁸552001·vitatisNeapolitanae
1996 594 2461 671 erectorum
2491 632 2523 675 ,
2574 584 2930 688 quornm
2981 575 3469 669 Institutum
3519 598 3663 686 per
3716 570 3910 659 alias
3961 591 4290 671 nostrae
4326 572 4413 657 in

646 658 982 840 ξξζιιῗῗ
1039 690 1283 775 simili
1334 688 1597 777 forma
1653 690 1928 785 Brevis
1979 690 2658 806 literasedesuper
2707 686 2843 778 die
2873 723 2955 806 7.
3005 695 3314 811 Aprilis
3359 696 3607 809 1732.
3662 692 4092 808 expeditas
4119 720 4408 804 appro-

647 845 865 936 plicat.
899 780 944 847 Ρ
1034 809 1417 899 bavimus
1448 877 1478 917 ‚
1541 843 1636 898 ac
1684 811 2043 901 subinde
2094 815 2447 926 Regulas
2498 816 3607 931 quoqueconfirmavimus,
3658 811 3890 932 quod
3940 844 4135 903 cum
4186 806 4412 913 Con·

1033 936 1395 1044 gregatio
1429 997 1459 1035 ,
1522 954 1606 1019 et
1643 930 2113 1045 Collegium
2171 930 2646 1050 hujusmodi
2699 929 2808 1018 ad
2859 937 3115 1041 instar
3147 934 3918 1061 Congregationum
3978 931 4412 1044 Presbyte-

1034 1084 1313 1138 rorum
1370 1053 1931 1148 Saecularium
1990 1054 2348 1144 Oratorii
2404 1056 2480 1138 S.
2527 1052 2888 1167 Philippi
2938 1057 3222 1162 Nerii.,
3274 1089 3368 1141 ac
3421 1057 3760 1147 Piorum
3811 1055 4402 1169 operariorum

888 1180 895 1189 '
1032 1199 1705 1288 nuncupatorum
1758 1172 2027 1264 dictae
2078 1176 2460 1263 Civitatis
2507 1171 3094 1289 Neapolitanae
3142 1173 3486 1267 fundata
3519 1239 3545 1283 ,
3612 1196 3697 1263 et
3745 1180 4117 1273 instituta
4168 1175 4335 1269 sint
4379 1208 4406 1284 3

1029 1293 1217 1407 Ipse
1263 1326 1463 1385 vero
1509 1294 1959 1411 Exponens
1988 1363 2012 1406 ,
2053 1331 2148 1386 ac
2204 1297 2656 1412 presbyteri
2685 1355 2738 1402 ,‚
2777 1295 3092 1384 alumni
3129 1362 3159 1402 ,
3197 1300 3762 1402 convictores,
3825 1320 3911 1383 et
3960 1298 4163 1383 aliae
4229 1325 4413 1406 per·

1026 1446 1274 1503 sonae
1340 1415 2085 1529 congregationis,
2158 1443 2243 1505 et
2327 1415 2685 1526 Collegii
2746 1417 3302 1528 praefatorum
3379 1418 3822 1522 omnibus,
3887 1441 3969 1505 et
4052 1415 4401 1527 singulis

1024 1536 1524 1649 privilegiis,
1590 1543 2230 1652 praerogativis,
2301 1532 2771 1640 favoribu5‚
2839 1543 3179 1650 gratiiS,
3246 1536 3797 1651 Indulgentiis
3841 1601 3867 1646 ,
3961 1538 4408 1651 exemptio-

1025 1656 1274 1745 nibus
1304 1719 1328 1762 ,
1382 1681 1466 1745 et
1515 1658 1873 1745 Indultis
1916 1695 1968 1747 a
2022 1662 2412 1746 Romanis
2474 1654 3012 1747 Pontificibus
3061 1657 3834 1746 praedecessoribus
3884 1660 4181 1745 nostris
4244 1680 4410 1749 tam

1025 1776 1547 1891 Presbyteris·
1623 1781 2199 1877 Saecularibus
2277 1779 2639 1866 Oratorii
2741 1778 3018 1868 Sancti
3096 1778 3461 1894 Philippi
3526 1779 3756 1867 Nerii
3806 1846 3836 1885 ,
3900 1802 3985 1867 et
4068 1778 4409 1863 Piorum

1027 1896 1617 2012 Operariorum
1672 1900 2108 2015 praedictis
2145 1967 2168 2007 ,
2238 1932 2490 2020 quam
2547 1898 2988 2007 Ecclesiis,
3052 1901 3520 2005 Domibus,
3588 1927 3672 1987 et
3731 1899 4410 2011 Congregationi-

1025 2020 1187 2104 bus
1250 2019 1732 2108 eorumdem
1786 2054 2323 2140 quocumque
2373 2045 2744 2134 tempore
2793 2019 3424 2140 quomodolibet
3485 2021 3884 2108 hactenus
3937 2022 4342 2106 concessis
4378 2081 4408 2124 ,

1028 2164 1113 2231 et
1163 2143 1249 2225 in
1301 2139 1679 2229 futurum
1732 2144 2348 2248 concedendis,
2413 2141 2642 2243 frui,
2708 2165 2788 2227 et
2839 2141 3195 2254 gaudere
3247 2173 3480 2255 posse
3557 2143 4013 2256 plurimum
4091 2137 4408 2225 deside·

1028 2283 1262 2346 rent:
1335 2261 1598 2348 Nobis
1661 2287 2086 2378 propterea
2178 2289 2341 2351 tam
2409 2292 2559 2348 suo
2609 2321 2633 2365 ,
2704 2292 2957 2379 quam
3021 2261 3577 2379 praelatorum
3661 2263 4400 2377 presbyterorum,

1027 2382 1556 2468 alumnorum
1594 2448 1626 2487 ,
1678 2383 2278 2472 Convictorutn
2317 2449 2342 2492 ,
2409 2409 2491 2469 et
2543 2379 2885 2468 aliarum
2941 2414 3473 2498 personarum
3531 2382 4007 2498 hujusmodi
4074 2384 4407 2466 nomine

1026 2500 1455 2590 humiliter
1503 2505 1947 2618 supplicari
1999 2505 2240 2614 fecit,
2311 2529 2404 2591 ut
2478 2502 2636 2588 sibi
2702 2505 2787 2588 in
2855 2506 3312 2620 praemissis
3390 2529 3853 2619 opportune
3918 2500 4405 2620 providere,

1026 2648 1119 2711 ut
1169 2623 1378 2715 infra
1445 2622 1878 2737 indulgere
1930 2627 2036 2715 de
2086 2629 2603 2740 benignitate
2654 2625 3124 2738 Apostolica
3190 2621 3744 2733 dignaremur.
4071 2699 4077 2704 .

705 2754 996 2823 Clemens
1142 2747 1209 2846 S·
1269 2746 1345 2832 2.
1413 2744 1586 2831 Nos
1635 2748 1885 2856 igitur
1934 2751 2373 2864 specialem
2430 2748 2621 2861 ipsis
2671 2746 3191 2858 Exponenti‚
3229 2769 3310 2829 et
3373 2749 3869 2861 presbyteris
3897 2810 3926 2849 ,
3979 2745 4333 2829 alumnis
4371 2809 4397 2848 ,

635 2848 977 3003 {guiongta-:¹-
1026 2870 1704 2973 convictoribus,
1773 2868 2117 2989 aliisque
2184 2870 2554 2985 personis
2606 2929 2631 2972 ,
2697 2889 2792 2950 ut
2850 2867 3462 2980 praemittitur,
3531 2873 3872 2983 gratiam
3940 2864 4207 2951 facere
4272 2896 4407 2948 vo·

635 2961 871 3119 {33¹3
929 2963 999 3095 31¹:
1027 2989 1285 3075 lentes
1322 3052 1346 3095 ,
1414 3013 1497 3075 et
1546 3002 1834 3074 eorum
1891 2992 2343 3101 singulares
2397 3016 2782 3101 personas
2845 3019 2888 3071 a
2951 2987 3386 3105 quibusvis
3467 2988 4343 3075 excommunicationis
4378 3048 4418 3089 ,‚

634 3108 965 3227 Rubrius,
1023 3112 1630 3224 suspensionis,
1697 3132 1781 3194 et
1831 3110 2303 3215 interdicti,
2371 3111 2718 3227 aliisque
2770 3109 3366 3195 Ecclesiasticis
3416 3114 3843 3199 sententiis
3882 3173 3904 3215 ,
3974 3109 4335 3194 censuris
4372 3170 4399 3209 ‚

631 3217 997 3307 applicatso·
1021 3251 1106 3314 et
1153 3232 1443 3342 poenis
1492 3264 1536 3315 a
1588 3233 1771 3343 jure
1807 3294 1831 3336 ,
1899 3234 2033 3320 vel
2086 3234 2190 3318 ab
2246 3231 2582 3317 homine
2636 3233 2925 3347 qua-vis
2973 3231 3402 3317 occasione
3440 3295 3462 3339 ,
3530 3234 3668 3319 vel
3718 3264 3958 3317 causa
4015 3231 4252 3336 latis;
4309 3230 4392 3312 Si

634 3328 1330 3470 ffiffisoen‘quibus
1365 3348 2000 3469 quomodolibet
2049 3352 2492 3440 innodatae
2541 3354 2943 3455 existunt,
2983 3347 3087 3434 ad
3140 3346 3530 3438 effectum
3571 3356 4126 3466 praesentium
4167 3347 4407 3433 dum·

1020 3493 1238 3557 taxat
1287 3471 1972 3589 consequendum
2019 3473 2569 3559 harum'serie
2623 3471 3193 3576 absolventes,
3233 3494 3316 3557 et
3366 3476 3778 3561 absolutas
3828 3473 4002 3559 fore
4054 3500 4406 3558 censen-

1018 3616 1199 3699 teS,
1268 3589 1747 3706 hujusmodi
1800 3595 2543 3710 supplicationibus
2627 3595 3060 3695 inclinati,
3127 3616 3213 3677 et
3295 3619 3678 3704 attento,
3748 3593 3978 3715 quod
4043 3591 4397 3677 dilectus

1018 3709 1242 3797 filius
1292 3737 1567 3799 noster
1650 3711 1956 3833 Joseph
2013 3718 2092 3800 S.
2138 3716 2232 3805 R.
2276 3715 2376 3798 E.
2448 3711 2913 3798 Cardinalis
2989 3712 3334 3826 Spinelli
3406 3742 3987 3832 nuncupatuS,
4061 3712 4400 3799 Archie-

1017 3835 1460 3949 piscopalis
1509 3834 1934 3926 Ecclesiae
1964 3837 2555 3952 Neapolitanae
2608 3867 2698 3921 ex
2752 3836 3276 3922 concessione
3309 3902 3334 3944 ,
3390 3863 3475 3925 et
3524 3839 4131 3954 dispensatione
4185 3836 4403 3946 Apo·

1021 3954 1305 4040 stolica
1394 3955 1733 4042 Praesul
1788 3958 1892 4043 ad
1976 3991 2122 4044 nos
2200 3959 2624 4060 retulerit,
2691 3951 3093 4067 praefatos
3168 3962 3749 4074 presbyteros,
3817 3950 4257 4059 alumnos,
4320 3974 4402 4039 et

1024 4079 1537 4162 convictores
1591 4107 1755 4162 non
1811 4081 2077 4165 solum
2134 4084 2216 4165 in
2272 4082 2368 4163 iis
2419 4074 2523 4161 ad
2575 4075 2835 4160 divini
2894 4076 3166 4161 cultus
3220 4081 3827 4169 incrementum
3867 4145 3890 4187 ,
3959 4100 4039 4165 et
4091 4081 4434 4162 anima-'

1025 4226 1208 4280 rum
1263 4198 1610 4284 salutem
1666 4200 1747 4284 in
1804 4203 2190 4303 civitate,
2243 4223 2329 4285 et
2376 4199 2758 4284 Dioecesi
2796 4196 3342 4309 Neapolitana
3393 4206 3960 4318 spectantibus
4012 4196 4391 4309 Regulas,

1023 4340 1106 4405 et
1158 4317 1541 4405 Instituta
1594 4341 1764 4405 tam
1818 4321 2483 4436 presbyterorum
2555 4317 2917 4403 Oratorii
2987 4319 3274 4408 Sancti
3351 4325 3713 4438 Philippi
3791 4325 4079 4426 Nerii,
4146 4350 4401 4438 quam

1022 4436 1362 4547 Piorum
1418 4440 2033 4552 operariorum.
2094 4439 2703 4555 praedictorum
2758 4471 3133 4547 servare,
3173 4476 3493 4533 ‚verum
3549 4449 3796 4533 etiam
3849 4448 4153 4559 majora
4207 4444 4399 4554 ipsis

1023 4588 1271 4669 onera
1310 4562 1686 4672 imposita
1741 4595 1963 4670 esse,
2022 4565 2311 4651 iisd'cm
2365 4562 3002 4673 Congregationi
3038 4624 3065 4667 ,
3117 4587 3202 4651 et
3247 4566 3624 4680 Collegio
3669 4571 3963 4654 Sacrae
4002 4565 4396 4651 Familiae

1016 4672 1213 4772 Jesu
1270 4678 1632 4786 Christi,
1689 4685 2075 4803 illiusque
2126 4684 2606 4788 Ecclesiae,
2671 4715 2765 4768 ac
2815 4684 3310 4799 presbyteris
3359 4690 3959 4793 saecularibus,
4010 4688 4393 4787 alumnis,

1019 4801 1637 4899 convictoribus
1666 4868 1697 4907 ,
1726 4830 1823 4915 *et
1866 4809 2234 4922 personis
2286 4824 2568 4909 nunc,
2599 4827 2683 4891 et
2729 4835 2884 4917 pro
2939 4828 3326 4914 tempore,
3354 4812 3889 4899 existentibus
3927 4873 3957 4913 ,
3997 4832 4088 4894 ut
4134 4809 4398 4893 omni-

1012 4919 1174 5025 bus
1208 4984 1237 5026 ,
1302 4945 1385 5008 et
1434 4922 1777 5034 singulis
1825 4928 2272 5044 privilegiis
2303 4988 2327 5030 ,
2396 4928 2970 5038 praerogativis
3005 4988 3030 5032 ,
3081 4925 3613 5018 facultatibus
3648 4992 3675 5038 ,
3739 4932 4014 5044 gratiis
4049 4992 4074 5035 ‚
4128 4954 4212 5017 et
4261 4931 4397 5014 In·-

1015 5037 1475 5154 dulgentiis
1508 5107 1533 5150 ‚
1599 5078 1695 5135 ac
1769 5046 2494 5161 exemptionibus,
2562 5070 2644 5135 et
2699 5044 3070 5137 ‚indultis
3111 5076 3757 5141 memoratarum
3807 5052 4395 5164 Congregatio-

1012 5193 1216 5251 num
1250 5226 1281 5271 ,
1342 5196 1803 5284 earumque
1850 5167 2245 5261 Ecclesiis
2279 5231 2306 5273 ,
2357 5166 2857 5287 presbyteris
2886 5233 2913 5273 ,
2961 5193 3046 5256 et
3090 5184 3462 5285 personis
3508 5206 3660 5289 per
3707 5175 4122 5261 Romanos
4159 5172 4392 5259 ,Pon-

1009 5280 1275 5372 tifices
1330 5285 2003 5376 praedecessores
2049 5288 2393 5375 Nostros
2477 5289 3109 5407 quomodolibet
3191 5299 3593 5384 concessis
3624 5358 3653 5403 ,
3719 5318 3805 5383 et
3853 5299 3940 5382 in
4008 5288 4387 5381 futurum

911 5437 917 5443 ¹
1004 5404 1569 5495 concedendis
1598 5411 1944 5515 ,letiam
1992 5407 2374 5526 specifica
2408 5472 2440 5516 ,
2500 5409 3099 5501 et·.individua
3158 5419 3584 5506 mentione
3625 5478 3659 5524 ‚
3718 5439 3813 5530 et
3869 5416 4385 5532 expressione

946 5536 951 5543 ’
1010 5523 1280 5639 dignis
1307 5589 1333 5637 ,
1370 5550 1451 5621 et
1494 5532 1808 5651 quibus
1856 5529 2191 5623 eaedem
2242 5529 2943 5644 Congregationes
2975 5594 3003 5642 ‚
3050 5564 3514 5656 earumque
3547 5537 4111 5633 Ecclesiam
4153 5566 4384 5653 pres·

1005 5640 1278 5763 bytcri
1306 5710 1337 5759 a
1368 5674 1455 5745 et
1504 5680 2099 5774 pmonawex
2148 5650 2884 5755 Praedecesaorum
2915 5678 3388 5753 nostrorum
3421 5662 3958 5753 comunione
3983 5659 4387 5779 depraef
