4834 6409
1081 491 1239 577 108

1059 639 1243 698 sum
1293 610 1449 720 fuit
1484 681 1508 725 ,
1575 620 1868 705 merito
1917 613 2215 740 sperari
2270 609 2562 735 posset,
2616 620 2791 712 fore
2840 647 2936 711 ut
2986 618 3444 715 Acatholici
3483 622 3894 745 ‘praedicti
3947 623 4088 713 tali
4137 621 4418 712 subl&

1057 757 1143 819 to
1191 762 1472 844 metu,
1538 769 1686 825 seu
1740 764 2050 827 remoto
2102 739 2206 827 ad
2260 735 2789 832 Orthodo'xae
2843 743 3142 851 Fidei,
3196 769 3281 833 et
3339 747 3761 837 Ecclesiae
3810 747 4222 832 unitatem
4274 742 4422 829 ab·

1054 857 1287 969 jectis
1364 861 1778 946 erroribus
1842 858 2160 947 facilius
2225 865 3191 976 reverterentur3-nobis
3256 893 3684 983 propterea
3738 865 4188 982 humiliter·
4229 892 4421 977 sup·

1052 977 1338 1087 plicari
1406 976 1655 1086 fecit,
1720 1004 2129 1097 quatenus
2198 985 2279 1067 in
2318 986 2798 1099 ⁴praemissis
2845 1011 3310 1102 opportune
3360 985 3794 1103 providere
3829 1048 3860 1089 ,
3922 1008 4005 1072 et
4055 1006 4151 1070 ut
4206 979 4419 1070 infra

1052 1091 1482 1208 indulgere
1544 1098 1651 1187 de
1713 1102 2226 1212 benignitate
2275 1105 2751 1217 Apostolica
2799 1104 3356 1218 dignaremur.

664 1211 1026 1395 1131υέτίἒῖ
1167 1217 1234 1316 S.
1303 1251 1380 1302 2.
1448 1218 1620 1305 Nos
1668 1223 1918 1333 igitur
1966 1220 2164 1308 dicti
2219 1221 2496 1309 Caroli
2549 1225 2953 1341 Principis
3002 1227 3413 1314 Electoris
3477 1229 3560 1311 in
3611 1227 3896 1312 Deum
3959 1225 4414 1341 pietatem,

660 1398 979 1574 {2¹:232
1048 1457 1131 1540 in
1206 1456 1570 1545 Domino
1656 1460 2390 1569 commendantes,
2455 1469 2802 1586 ejusque
2871 1464 3283 1554 desiderio
3358 1465 3515 1554 hac
3601 1470 3687 1552 in
3767 1498 3857 1555 re
3890 1528 3917 1573 ,
3998 1488 4417 1583 quantum

660 1577 841 1687 ribus
877 1604 975 1647 re-
1045 1567 1287 1661 nobi's
1338 1610 1431 1665 ex
1483 1581 1646 1667 alto
1727 1581 2214 1670 conceditur
2250 1648 2274 1691 ,
2349 1584 2918 1674 obsecundare
2994 1590 3424 1701 cupientes
3461 1650 3486 1691 ,
3551 1587 3975 1705 simulque
4037 1579 4419 1672 conside-

657 1684 859 1834 ΞΨΖ
862 1674 1019 1830 ΠΫῙ·
1042 1720 1309 1784 rantes
1347 1763 1371 1805 ,
1425 1702 1769 1789 salutem
1821 1707 2283 1792 animarum
2331 1703 2691 1819 pretioso
2744 1707 3088 1793 Domini
3145 1712 3393 1794 nostri
3445 1707 3647 1794 Jesu
3696 1705 4012 1793 Christi
4066 1703 4415 1814 Sangui*

661 1789 843 1922 ante¹a
881 1880 973 1922 re·
1046 1847 1151 1903 ne
1200 1817 1867 1937 redemptarum,
1946 1847 2461 1912 terrenarum
2540 1857 2817 1913 rerum
2854 1890 2878 1935 ,
2966 1830 3421 1946 ceterisque
3491 1826 3877 1914 humanis
3958 1823 4416 1911 rationibus

658 1950 1017 2057 cuperetis,
1045 1942 1538 2051 praecellere
1586 2004 1611 2050 ,
1666 1943 2078 2059 ejusmodi
2142 1946 2885 2060 supplicationibus
2946 1947 3322 2036 inclinati
3379 1944 3707 2066 (firmis
3741 2009 3768 2052 ‚
3834 1946 4242 2065 salvisque
4288 1972 4417 2030 re-

653 2052 724 2194 f]
769 2062 846 2105 ⁰¹
873 2064 1017 2148 §1¹¹¹-
1040 2062 1571 2149 manentibus
1657 2065 2330 2185 quibuscumque
2417 2063 3046 2154 fundationibus
3093 2132 3122 2172 ,
3206 2068 3899 2183 applicationibus
3936 2128 3961 2172 ,
4061 2066 4412 2182 aliisque

653 2152 971 2292 §¹:42³ssss
1040 2174 1717 2298 dispositionibus
1772 2183 1877 2278 de
1929 2187 2169 2272 bonis
2218 2190 2354 2287 sic.
2379 2193 2880 2303 recuperatis
2943 2221 2988 2273 a
3042 2186 3256 2274 Sede
3308 2188 3780 2303 Apostolica
3818 2249 3845 2294 ,
3909 2218 4005 2273 ac
4055 2214 4415 2299 praeser-

650 2334 767 2380 ποι
800 2328 917 2382 etc.
1041 2300 1193 2384 tim
1255 2335 1301 2389 a
1350 2331 1806 2393 memorato
1857 2304 2330 2394 Alexandro
2391 2306 3024 2395 praedecessore
3083 2304 3319 2395 factis
3353 2370 3380 2413 ,
3444 2339 3588 2393 seu
3668 2306 4135 2422 approbatis
4170 2367 4195 2411 ,
4252 2333 4409 2391 nec

651 2403 1011 2532 immuni·
1042 2452 1209 2509 non
1264 2422 1970 2515 administratione
2033 2428 2381 2514 aliorum
2433 2426 2850 2514 bonorum
2898 2425 3361 2514 istiusmodi
3411 2424 3681 2516 eidem
3736 2426 4040 2513 Carolo
4100 2424 4416 2510 Princi-

1036 2544 1124 2662 pi
1186 2544 1557 2633 Electori
1606 2579 1986 2636 concessa
2017 2612 2046 2653 ,
2110 2570 2193 2635 et
2241 2548 2633 2635 attributa
2673 2611 2698 2655 ,
2762 2570 2860 2635 ut
2907 2545 3416 2662 praefertur,
3469 2549 3778 2667 quibus
3828 2578 3974 2664 per
4019 2574 4403 2663 praesen·

1040 2683 1161 2750 tes
1212 2667 1686 2754 nullatenus
1747 2665 2139 2782 derogare
2167 2732 2193 2777 ,
2258 2691 2402 2755 aut
2451 2672 2901 2790 quicquam
2949 2667 3308 2785 desuper
3356 2672 3789 2756 immutare
3817 2731 3848 2772 ,
3895 2667 4032 2758 vel
4070 2668 4413 2774 innova·

1038 2812 1128 2870 re
1190 2785 1778 2909 intendimus)
1841 2793 2115 2876 omnia
2153 2853 2180 2896 ,
2242 2810 2329 2875 et
2360 2791 2684 2901 singula
2734 2790 2954 2877 bona
3001 2789 3579 2877 Ecclesiastica
3629 2789 3993 2903 cujusvis
4063 2786 4411 2907 qualita-

1036 2901 1140 2988 tis
1174 2969 1207 3010 ,
1268 2931 1352 2995 et
1401 2909 1696 2995 valoris
1770 2913 1857 2996 in
1910 2911 2377 2996 Palatinam
2428 2907 2816 2997 inferiore
2851 2972 2876 3016 ,
2954 2932 3037 2995 et
3083 2907 3422 2996 Ducatu
3482 2908 4057 3020 Neoburgensi
4121 2906 4411 3021 hujus-

1035 3023 1266 3110 modi
1315 3032 1893 3136 consistentia,
1961 3059 2176 3146 quae
2236 3031 2863 3146 praeteritorum
2916 3051 3384 3145 temporum
3434 3031 3899 3118 calamitate
3947 3048 4342 3143 occupata
4380 3087 4409 3133 ,

1034 3173 1194 3230 nec
1243 3144 1676 3269 hucusque
1723 3172 2201 3266 recuperata
2236 3212 2261 3259 ,
2328 3171 2414 3236 et
2457 3146 2875 3237 vindicata
2925 3146 3266 3237 suerunt
3300 3214 3323 3258 ,
3390 3147 3534 3237 sed
3590 3184 3636 3237 a
3686 3148 3927 3237 dictis
3977 3144 4401 3234 Acatholi-

1036 3266 1154 3350 cis
1203 3262 1479 3356 adhuc
1529 3271 1650 3354 uti
1715 3302 1859 3358 sua
1898 3272 2223 3388 propria
2286 3266 2769 3358 detinentur
2802 3335 2833 3375 ,
2893 3272 3109 3357 sicut
3153 3275 3758 3387 praemittitur,
3800 3264 4220 3356 modernis
4267 3296 4405 3353 eo·

1036 3411 1221 3470 rum
1290 3391 1936 3503 possessoribus,
2000 3422 2143 3479 seu
2223 3388 2853 3495 detentoribus,
2915 3394 3063 3509 qui
3127 3388 3234 3476 ad
3305 3390 3822 3477 Catholicam
3890 3388 4408 3498 Religionem

1033 3503 1426 3625 deinceps
1486 3509 1885 3598 redierint
1919 3574 1944 3618 ,
1997 3542 2455 3630 eorumque
2509 3511 3133 3598 successoribus
3200 3512 3871 3630 quibuscumque
3920 3505 4209 3595 itidem
4245 3504 4410 3594 Ca·

1034 3625 1362 3714 tholicis
1412 3694 1438 3738 ,
1499 3657 1583 3718 et
1631 3634 1714 3717 in
1769 3636 2231 3721 sinceritate
2309 3630 2840 3720 Orthodoxae
2915 3630 3148 3718 Fidei
3224 3631 3937 3744 perseverantibus
3986 3659 4155 3714 una
4208 3657 4408 3714 cum

1032 3742 1441 3836 fructibus
1487 3756 1894 3869 perceptis
1947 3751 2052 3841 de
2103 3752 2628 3868 Apostolicae
2677 3755 3097 3868 potestatis
3148 3750 3667 3866 plenitudine
3703 3750 3994 3838 harum
4048 3749 4257 3838 serie
4306 3778 4409 3836 ex

1033 3870 1406 3982 specialis
1469 3867 1690 3958 dono
1752 3878 2056 3985 gratiae
2118 3874 2613 3960 remittimus
2661 3937 2685 3979 ,
2753 3870 3319 3961 condonamus
3356 3935 3382 3979 ,
3449 3869 3874 3978 cedimus,
3941 3893 4025 3958 et
4090 3868 4395 3956 relaxa-

1032 4019 1273 4096 mus,
1340 3987 1751 4113 dictisque
1817 3995 2409 4108 possessoribus
2460 4057 2486 4101 ,
2549 4025 2696 4081 seu
2761 3991 3384 4100 detentoribus,
3449 3997 3907 4109 eorumque
3974 3993 4407 4077 Successo-

1033 4109 1316 4214 ribus,
1380 4135 1474 4199 ut
1526 4112 1833 4228 ipsi·de
1884 4116 2124 4202 bonis
2171 4107 2550 4227 praefatis
2603 4138 2765 4200 tam
2818 4116 3033 4201 inter
3082 4114 3362 4220 vivos,
3429 4144 3679 4231 quam
3731 4143 3830 4200 ex
3892 4143 4132 4199 causa
4179 4138 4401 4195 mor·

999 4230 1184 4349 stis,
1251 4255 1393 4317 aut
1445 4235 1639 4321 alias
1701 4234 2331 4352 quomodolibet
2412 4234 2672 4322 libere
2755 4233 3188 4349 disponere
3264 4239 3637 4349 possint,
3699 4233 4031 4349 plenam
4117 4254 4404 4319 tenore

1028 4355 1588 4462 praesentium
1670 4356 2110 4442 tribuimus
2160 4353 2635 4443 facultatem
2676 4418 2699 4462 ,
2769 4385 3039 4475 neque
3089 4355 3273 4441 illos
3313 4388 3486 4471 pro
3561 4377 3786 4468 parte
3849 4351 4114 4440 dictae
4166 4347 4404 4438 Sedis

1029 4470 1549 4582 Apostolicae
1626 4476 2188 4564 Ecclesiarum
2226 4539 2252 4583 ,
2326 4476 3012 4563 Monasteriorum
3066 4537 3090 4582 ,
3176 4499 3258 4562 et
3338 4475 3710 4561 locorum
3800 4476 4121 4588 piorum
4149 4493 4185 4580 ‘,
4254 4492 4404 4558 aut

1026 4619 1560 4700 personarum
1616 4596 2383 4685 Ecclesiasticarum
2441 4595 2545 4681 ad
2631 4627 2833 4714 quas
2883 4660 2912 4701 ,
2969 4618 3055 4682 et
3132 4625 3344 4713 quae
3418 4594 3637 4679 bona
3724 4590 4138 4709 praedicta
4199 4591 4402 4679 olim

1026 4715 1561 4822 pertinebant
1605 4721 1959 4826 ratione,
2011 4741 2097 4805 et
2143 4718 2570 4803 occasione
2620 4720 3253 4831 praemissorum
3306 4712 3660 4830 desuper
3709 4713 4121 4802 molestari
4160 4775 4186 4821 ,
4258 4713 4400 4800 in·

944 4937 962 4952 ,
1025 4834 1434 4946 quietari,
1499 4860 1643 4923 aut
1694 4840 2155 4954 perturbari
2216 4868 2450 4955 posse
2503 4840 2991 4944 statuimus,
3061 4860 3142 4922 et
3192 4835 3741 4921 decernimus.

636 4936 999 5094 hohsganu-
1143 4955 1211 5053 S.
1275 4957 1358 5041 3.
1426 4957 1614 5042 Non
1679 4959 2203 5047 obstantibus
2252 4979 2529 5044 nostra
2565 5020 2592 5065 ,
2662 4979 2745 5043 et
2828 4955 3392 5044 Cancellariae
3478 4956 4003 5073 Apostolicae
4076 4954 4396 5067 Regula

637 5052 758 5207 ἐξ
835 5054 966 5098 ‘³⁰‘
1023 5069 1128 5160 de
1179 5079 1365 5189 jure
1415 5081 1786 5197 quaesito
1848 5111 2012 5166 non
2067 5076 2493 5187 tollend0,
2560 5080 2905 5194 aliisque
2965 5078 3462 5192 -Apostolicis
3497 5140 3521 5184 ,
3588 5107 3684 5163 ac
3744 5080 3828 5165 in
3882 5075 4395 5168 Universali-

1019 5192 1180 5283 bus
1217 5260 1243 5304 ,
1309 5198 2135 5319 Provincialibusque
2171 5264 2197 5308 ,
2262 5224 2348 5288 et
2396 5197 2953 5314 Synodalibus
3017 5197 3415 5285 Conciliis
3498 5195 3740 5285 editis
3804 5199 4326 5311 generalibus
4362 5260 4389 5305 ,

1018 5319 1155 5401 vel
1216 5321 1709 5435 specialibus
1776 5320 2587 5429 constitutionibus,
2660 5344 2745 5408 et
2795 5318 3539 5430 ordinationibus,
3605 5351 3927 5408 necnon
3980 5318 4422 5434 Ecclesia&⁸

1021 5464 1212 5522 rum
1250 5501 1273 5545 ,
1339 5437 2027 5529 Monasteriorum
2066 5504 2090 5548 ,
2157 5465 2240 5530 et
2316 5442 2691 5527 locorum
2738 5443 3069 5554 piorum
3131 5436 3614 5557 hujusmodi
3679 5436 4400 5549 fundationibus,

1019 5587 1116 5643 ac
1166 5558 1598 5677 quibusvis
1648 5566 1893 5653 etiam
1942 5560 2644 5675 derogatoriarum
2694 5557 3224 5674 derogatoriis
3249 5624 3280 5666 ,
3342 5560 3684 5675 aliisque
3746 5554 4390 5668 efficacioribus,

1016 5675 1648 5791 efficacissimis,
1684 5709 1768 5776 et
1816 5685 2162 5777 insolitis
2213 5683 2601 5774 clausulis
2651 5685 2896 5774 etiam
2932 5687 3403 5802 juramento
3430 5742 3456 5791 ,
3495 5676 4118 5772 confirmatione
4164 5681 4395 5801 Apoz

1049 1358 1135 1421 et
1181 1335 1659 1427 Catholicae
1736 1341 2187 1453 Religionis
2240 1341 2601 1431 tuendae
2636 1407 2661 1451 ,
2721 1370 2813 1433 et
2886 1344 3457 1462 propagandae
3533 1345 3906 1434 studium
3954 1345 4417 1463 plurimum
4538 1421 4562 1436 .
