4834 6409
1097 402 1274 488 332

1077 522 1648 636 'spiritualium
1701 524 2008 634 satagat
2052 588 2076 630 ,
2158 542 2246 610 ut
2299 526 2623 615 Fratres
2696 522 3167 637 intelligant
3225 550 3530 637 poenas
3592 522 4007 635 impositas
4090 520 4479 609 fractioni

1093 641 1488 755 praedicti
1549 644 1850 754 sigilli,
1922 670 2016 729 ut
2065 644 2283 733 iride'
2329 670 2643 733 metum
2694 676 3034 753 omnem·
3080 634 3560 756 deponant,
3624 663 3708 726 et
3758 638 3861 729 ad
3921 674 4159 741 usum
4227 642 4479 760 hujus

1094 765 1360 876 praxis
1409 768 1946 876 promptiores
1993 764 2472 852 reddantur.
2530 766 2673 847 lV.
2728 765 2823 848 ln
2861 765 3335 851 domesticis
3382 762 4085 883 exhortationibus
4143 762 4246 847 ab
4282 765 4479 850 'Ab-

1093 882 1281 967 bate
1345 883 1809 968 inculcetur
1903 909 2066 971 tam
2156 910 2485 979 sanctus
2534 948 2558 990 ,
2640 908 2725 993 et
2787 883 3468 999 laudabilis-mos
3538 918 3578 968 a
3648 883 3790 966 SS.
3862 883 4242 967 Patribus
4331 916 4474 967 no-

1089 1005 1272 1085 stris
1337 1001 1725 1089 inductus
1777 1068 1799 1108 ,
1855 1016 1938 1092 et
2001 1009 2384 1097 Alumnis
2467 1010 2632 1107 suis
2694 1010 3047 1091 maxime
3099 996 3748 1095 commendafus.
3818 1002 4025 1086 Item
4098 1008 4277 1117 ejus
4334 1037 4473 1087 ne-

1090 1125 1411 1207 cessitas
1457 1187 1488 1228 ,
1550 1149 1633 1208 et
1684 1127 2039 1231 utilitas,
2111 1159 2274 1212 non
2338 1128 2604 1213 solum
2672 1122 2774 1210 ad
2844 1131 3255 1239 privatum
3292 1187 3317 1229 ,
3379 1120 3523 1207 sed
3576 1125 3818 1207 etiam
3871 1116 3975 1205 ad
4028 1155 4473 1209 commune

1084 1241 1400 1326 bonum
1457 1247 1876 1356 spirituale
1940 1246 2446 1333 ostendatur.
2518 1248 2615 1330 V.
2682 1246 3281 1364 Unusquisque
3347 1246 3595 1354 igitur
3644 1273 3936 1353 magna
3992 1273 4179 1327 cum
4246 1248 4474 1357 puri-

1086 1384 1250 1447 tate
1301 1362 1478 1446 sub'
1517 1367 1782 1473 sigillo
1833 1372 2118 1454 secreti
2193 1370 2633 1472 naturalis,
2689 1388 2833 1452 aut
2880 1351 3409 1484 quacumque
3489 1365 3802 1449 ratione
3870 1365 3944 1447 ei
4002 1358 4463 1475 placuerit,

1082 1504 1334 1566 totam
1387 1486 1741 1569 animam
1796 1519 2024 1576 suam
2078 1490 2387 1574 Abbati
2458 1487 2975 1575 manifestam
3025 1483 3294 1588 faciat,
3335 1476 3776 1595 aperiendo
3829 1478 4200 1566 defectus
4247 1517 4463 1589 ευοε,

1075 1631 1218 1685 eos
1267 1607 1771 1714 praesertim,
1834 1610 2140 1724 quibus
2191 1613 2444 1719 magis
2490 1632 2899 1717 gravatur.
2955 1607 3189 1712 Quos
3243 1634 3436 1692 vero
3486 1606 3571 1686 in
3632 1601 4057 1707 Fratribus
4104 1606 4273 1687 suis
4325 1602 4455 1691 de·

1077 1720 1611 1833 prehenderit
1674 1721 2103 1834 defectus,
2156 1728 2426 1814 eidem
2482 1728 2792 1814 Abbati
2864 1727 3229 1827 revelet,
3282 1748 3377 1811 ut
3451 1753 3908 1833 congruum
3993 1720 4453 1810 remedium

1045 1866 1353 1954 'aptare
1423 1847 1693 1955 possit.
1778 1847 1925 1932 Vl.
2009 1849 2300 1963 Capita
2379 1874 2654 1935 autem
2708 1912 2733 1954 ,
2823 1846 3130 1965 quibus
3190 1845 3739 1965 conscientiae
3801 1846 4177 1958 propriae
4258 1851 4459 1930 ratio

1072 1959 1494 2048 reddenda
1550 1969 1762 2069 erit,
1824 1966 2028 2056 haec
2077 1968 2248 2056 sere
2297 1996 2543 2054 sunt:
2610 2001 2707 2055 ex
2761 1968 3067 2086 quibus
3135 1996 3325 2053 cum
3403 1996 3495 2051 ea
3575 1963 4005 2067 retulerit,
4073 1996 4285 2081 quae
4351 1964 4456 2050 ad

1068 2079 1400 2193 plenam
1485 2087 1610 2167 sui
1663 2087 2404 2176 manifestationem
2480 2087 2851 2177 dicenda'
2899 2088 3364 2202 putaverit,
3430 2106 3653 2195 petat
3736 2083 3839 2167 ab
3893 2084 4221 2191 Abbate
4267 2149 4292 2191 ,
4365 2110 4458 2203 ut

1064 2207 1424 2315 seipsum
1487 2207 2068 2318 interrogando
2133 2216 2367 2324 juvet
2414 2274 2443 2316 ,
2506 2244 2602 2297 ac
2652 2210 3089 2321 suppleat,
3151 2209 3217 2291 si
3286 2194 3490 2323 quid
3543 2235 3715 2289 esse
3785 2200 4154 2318 judicet,
4219 2206 4447 2321 quod

1064 2317 1170 2404 ad
1248 2327 1641 2437 majorem
1694 2329 1947 2440 ipsius
1994 2330 2381 2417 Monachi
2438 2329 2896 2445 profectum
2965 2345 3522 2441 opportunum
3579 2356 3749 2409 esse
3814 2320 4211 2409 videatur.
4272 2326 4440 2410 Pri·

1062 2470 1201 2525 mo
1238 2505 1260 2548 ,
1317 2474 1417 2528 an
1472 2448 1698 2531 vivat
1745 2474 2185 2538 contentus
2234 2457 2457 2560 iuxta
2509 2480 2745 2535 suam
2791 2453 3351 2548 vocationem,
3403 2466 3486 2529 et
3536 2440 3959 2560 quomodo
4008 2448 4094 2529 s'e
4146 2445 4445 2532 habeat

1060 2563 1273 2648 circa
1325 2578 1512 2650 vota
1563 2565 2127 2658 substantialia
2212 2571 2683 2683 Religionis.
2751 2564 3141 2659 Secundo
3189 2628 3215 2672 ,
3283 2597 3385 2675 an
3455 2566 3753 2649 sentiat
3815 2565 4129 2682 aliquas
4193 2569 4442 2650 animi

1052 2683 1713 2795 perturbationes
1751 2751 1775 2793 ,
1851 2693 2316 2796 molestias,
2381 2715 2465 2777 et
2522 2690 2627 2777 de
2705 2688 3092 2775 facilitate
3136 2749 3161 2790 ,
3226 2682 3373 2770 seu
3437 2681 3928 2797 difficultate
3964 2749 3989 2791 ,
4058 2708 4144 2770 et
4191 2685 4442 2771 modo

1053 2805 1171 2887 eis
1222 2803 1646 2890 resistendi
1685 2843 1708 2891 t
1753 2835 1843 2897 et
1873 2810 1997 2897 ad
2060 2844 2266 2930 quos
2328 2809 2699 2916 affectus,
2767 2811 2899 2897 vel
2968 2800 3321 2923 peccata'
3355 2808 3458 2888 sit
3511 2809 3762 2914 magis
3812 2835 4295 2921 propensus,
4353 2831 4437 2891 et

1051 2921 1438 3009 incitatus
1473 2987 1497 3031 ,
1550 2950 1634 3012 et
1709 2930 2132 3047 quomodo
2207 2933 2585 3019 observet
2636 2961 2849 3048 quae
2930 2959 3029 3015 ex
3098 2920 3857 3009 constitutionibus
3895 2989 3918 3029 ,
3974 2948 4058 3011 et
4110 2926 4439 3038 Regulis

1049 3064 1230 3127 tum
1306 3052 1892 3135 communibus
1939 3116 1968 3156 ,
2032 3076 2208 3139 tum
2287 3049 2570 3138 Officii
2634 3055 2760 3136 sui
2846 3045 2949 3135 ad
3001 3051 3272 3162 ipsum
3331 3048 3767 3158 pertinent.
3835 3046 4160 3148 Tertio,
4230 3078 4433 3165 quo·

1043 3161 1298 3247 modo
1362 3164 1606 3250 rebus
1657 3173 2222 3282 spiritualibus
2275 3179 2380 3259 sit
2430 3170 2834 3263 affectus:
2905 3197 3255 3287 quarum
3322 3170 3723 3248 virtutum
3794 3163 4069 3250 studio
4122 3171 4424 3278 praeci·

1041 3313 1209 3397 pue
1270 3286 1654 3371 intentus.
1700 3290 2132 3397 Quantum
2200 3298 2594 3408 temporis
2659 3293 3005 3377 orationi
3077 3287 3390 3370 tribuat
3441 3349 3463 3389 ,
3531 3308 3612 3369 et
3667 3318 3871 3370 num
3937 3288 4262 3392 vocali,
4326 3320 4429 3372 an

1041 3406 1314 3516 potius
1361 3410 1697 3493 mentali
1750 3410 2109 3523 juv‘etur'.
2148 3413 2376 3501 Num
2417 3420 2499 3498 in
2555 3412 2942 3499 exercitio
2993 3439 3265 3493 rerum
3332 3406 3883 3519 spiritualium
3948 3406 4433 3493 consolatio-

1039 3555 1229 3607 nem
1288 3523 1636 3631 habeat,
1705 3562 1808 3615 an
1865 3563 2058 3618 vero
2110 3559 2390 3620 contra
2432 3598 2456 3641 ,
2524 3532 3115 3619 desolationem
3163 3591 3186 3633 ,
3246 3549 3328 3636 et
3383 3529 3890 3636 vagationem
3950 3524 4243 3612 mentis
4294 3560 4433 3642 pa·

1037 3645 1313 3729 tiatur.
1392 3642 1523 3731 De
1584 3645 1930 3756 fructu,
2002 3685 2253 3770 quem
2328 3687 2428 3741 ex
2482 3655 2722 3738 Sacra
2790 3650 3405 3745 Communione
3442 3709 3470 3747 ,
3523 3667 3605 3729 et
3682 3642 4288 3755 Confessione,
4352 3671 4437 3735 et

1038 3765 1214 3849 aliis
1263 3770 1670 3857 exercitiis
1720 3776 2284 3884 spiritualibus
2334 3778 2773 3888 percipiat.‚
2816 3771 2950 3854 De
3003 3765 3802 3871 mortificationibus,
3870 3766 4420 3883 poenitentiis,

1031 3906 1126 3970 et
1177 3887 1386 3973 aliis
1408 3952 1435 3990 ,
1504 3920 1716 4006 qnae
1783 3889 2100 3985 faciunt
2161 3894 2265 3983 ad
2316 3898 2645 4010 spiritus
2694 3886 3157 4006 profectum
3196 3951 3219 3994 ,
3286 3910 3369 3973 et
3434 3889 3513 3970 in
3582 3890 3852 3998 specie
3919 3883 4025 3971 de
4088 3919 4426 4002 praepa-

1017 4008 1354 4093 ratione
1397 4007 1506 4094 ad
1551 4015 1946 4125 injurias,
2010 4038 2094 4100 et
2159 4017 2310 4105 alia
2383 4016 2718 4107 molesta
2788 4041 3056 4127 aequo
3107 4002 3383 4103 animo
3433 4003 3794 4107 ferenda.
3863 4006 4251 4115 Quarto,
4314 4006 4424 4095 de

1029 4123 1511 4236 Fratribus,
1565 4155 1652 4218 et
1703 4133 2125 4250 quomodo
2188 4169 2284 4222 ex
2349 4166 2639 4223 eorum
2711 4124 3334 4217 conversatione
3386 4123 3760 4240 proficiat
3825 4131 3908 4213 in
3976 4126 4416 4241 Domino;

1027 4270 1112 4331 et
1160 4279 1259 4332 an
1316 4247 1560 4337 alicui
1621 4256 1726 4340 sit
1787 4255 1973 4367 plus
2031 4254 2505 4359 familiaris,
2574 4284 2823 4370 quam
2874 4253 3113 4359 aliis3
3176 4281 3279 4337 an
3349 4249 3855 4332 aversionem
3915 4251 4168 4331 animi
4235 4281 4418 4335 sen-

1029 4368 1175 4451 tiat
1228 4366 1331 4451 ab
1381 4370 1722 4487 aliquo,
1769 4394 2006 4463 et.an
2062 4375 2425 4469 offensus
2477 4379 2580 4459 sit
2631 4378 2713 4458 in
2769 4373 3047 4491 aliquo
3099 4403 3142 4453 a
3195 4370 3581 4486 quopiam
3617 4430 3639 4470 ,
3707 4390 3799 4459 et,
3841 4366 4260 4483 quomodo
4310 4373 4419 4456 sit

1027 4483 1370 4572 affectus
1411 4504 1626 4599 'erga‘
1661 4510 1970 4580 omnes.
2024 4496 2375 4604 Quium,
2433 4525 2629 4581 num
2696 4516 2883 4607 post
2940 4489 3320 4581 ultimam
3378 4489 3778 4571 rationem
3820 4490 4416 4596 conscientiae,

1024 4635 1271 4721 quam
1349 4607 1778 4718 reddidit,
1867 4621 2325 4726 majorem,
2390 4640 2537 4701 aut
2596 4618 3006 4699 minorem
3069 4606 3430 4695 fructum
3507 4605 3816 4692 fecerit.
3897 4607 4089 4691 Vll.
4147 4608 4405 4715 Quod

1021 4725 1484 4815 Monachus
1543 4764 1753 4820 scum
1807 4735 2135 4823 Abbate
2186 4798 2211 4844 ,
2276 4735 2500 4824 idem
2568 4758 2969 4848 praestare
3036 4726 3288 4816 debet
3367 4727 3649 4812 Abbas
3722 4758 3915 4813 cum
3982 4729 4261 4847 aliquo
4302 4724 4410 4817 'ex

1020 4844 1453 4935 Monachis
1497 4856 1718 4942 ‘circa
1768 4859 2170 4945 rationem
2235 4860 2782 4946 conscientiae
2832 4854 3210 4971 propriae
3261 4844 3797 4937 reddendam.

2377 5097 2449 5183 c
2522 5098 2590 5182 A
2661 5097 2752 5189 P.
2818 5067 3029 5185 ᾗχι.
3158 5166 3163 5175 .

2072 5341 2212 5426 De
2259 5343 2847 5430 -Ranovacione
2899 5338 3338 5449 Votorum.
4024 5410 4037 5427 ,
4234 5446 4243 5455 θ

1134 5458 1200 5546 1.
1272 5458 1396 5545 Ut
1441 5453 1772 5545 :firmius
1819 5465 2267 5579 monastica
2321 5461 2755 5583 disciplina
2831 5464 3307 5564 retineatur,
3371 5454 3767 5565 Monachi
3816 5458 4070 5543 nostri
4122 5460 4203 5545 in
4259 5458 4397 5546 die

1007 5577 1217 5668 festo
1266 5580 1348 5666 S.
1404 5577 1668 5667 Patris
1741 5579 2090 5668 Antonii
2139 5580 2277 5673 die
2338 5617 2469 5701 17.
2537 5586 2838 5675 mensis
2885 5580 3257 5673 Januarii
3308 5603 3497 5674 vota
3560 5577 3954 5666 solemnia
4012 5579 4396 5709 quolibet
