4834 6409
446 510 756 621 ctiones
806 502 1385 609 officialium,
1452 530 1536 595 et
1584 506 2240 592 Constitutiones
2275 563 2299 609 ,
2363 500 2429 587 si
2498 531 2712 619 quae
2770 490 3454 585 factaefuerint:
3521 410 3847 615 sigillyos

441 659 608 751 que
644 693 668 737 ,
733 652 816 737 et
865 629 1189 742 propria
1260 628 1733 734 Generalis,
1786 651 2034 745 atque
2098 623 2781 735 Hegumeuorum
2833 619 3432 730 subscriptione
3485 613 3827 703 firmen-

437 772 629 856 tur,
682 771 768 835 et
817 749 926 831 in.
957 744 1356 841 Archivio
1409 772 1935 863 reponantur.
1992 745 2233 853 Quae
2282 774 2481 829 vero
2518 738 2949 851 Monachis
3011 735 3550 846 significanda
3602 759 3821 842 sunt,

435 897 530 953 ea
581 899 734 983 per
771 866 1276 978 ‚Encyclicas
1325 865 1601 955 literas
1662 903 1707 977 a
1781 865 2166 953 Generali
2201 926 2224 969 ,
2292 885 2377 949 et
2425 857 3501 973 Hegumenis'subscriptas
3578 859 3825 965 signi-

431 984 834 1093 ficentur..
881 987 1385 1103 Exemplum
1461 1013 1740 1075 autem
1816 988 2240 1074 literarum
2305 987 2721 1086 omnium,
2776 1009 2990 1095 quae
3042 981 3388 1063 'nomine
3453 975 3822 1085 Congre-

435 1109 786 1219 gationis
834 1104 1088 1220 hujus
1140 1113 1573 1195 mittentur
1609 1170 1633 1214 ,
1699 1142 1743 1192 a
1796 1109 2253 1192 Secretario
2314 1100 2689 1218 ejusdem
2757 1098 3438 1209 Congregationis
3520 1093 3823 1182 descri-

434 1249 683 1341 ptum
728 1249 1053 1311 maneat
1108 1235 1189 1313 in
1261 1228 1476 1312 libro
1528 1229 2114 1338 Regestorum.
2176 1225 2322 1341 qui
2375 1228 2458 1306 in
2514 1221 3170 1330 Congregatione
3220 1216 3608 1303 Generali
3664 1241 3820 1301 tra-

434 1345 684 1430 datur
733 1375 953 1430 novo
1013 1348 1322 1433 Abbati
1376 1347 1766 1437 Generali
1816 1366 1845 1451 ‚'
1908 1370 1994 1433 et
2071 1348 2304 1432 novis
2369 1342 2881 1453 Hegumenis
2922 1342 3034 1424 -in
3112 1338 3512 1430 Archivio
3591 1367 3821 1453 repo·

439 1462 800 1550 nendus.

1818 1585 1887 1670 C
1953 1586 2028 1670 A
2095 1584 2185 1669 Ρ.
2302 1582 2450 1667 IV.

925 1828 1067 1913 De
1120 1829 1783 1947 Congrcgatione
1836 1828 2363 1929 Provinciae,
2417 1840 2499 1906 et
2550 1826 2678 1911 M
2667 1829 3302 1910 onasteriorum.

552 2065 617 2149 1.
687 2063 1239 2177 Congregatio
1298 2067 1785 2156 Provinciae
1833 2095 2350 2182 unoquoque
2396 2096 2615 2159 anno
2687 2094 2833 2180 per
2897 2063 3273 2150 triduum
3350 2061 3821 2147 celebretur

433 2184 540 2271 ab
591 2186 924 2271 Abbate
977 2186 1487 2294 Provinciae,
1526 2211 1610 2273 et
1659 2186 2131 2270 Abbatibus
2186 2188 2878 2273 Monasteriorum
2930 2185 3535 2298 subjectorum:
3599 2181 3823 2266 Con·

434 2308 795 2415 gregatio
868 2335 1067 2390 vero
1131 2307 1822 2411 Monasteriorum
1898 2301 1994 2389 fit
2060 2307 2437 2422 quolibet
2504 2336 2787 2392 mense
2852 2336 3001 2419 per
3074 2298 3633 2387 unum-diem
3714 2300 3821 2385 ab

427 2424 764 2509 Abbate
814 2424 1289 2513 Monasterii
1320 2490 1345 2532 ,
1399 2451 1483 2515 et
1529 2422 1963 2510 Monachis
2013 2427 2399 2511 omnibus
2451 2422 2858 2540 professis.
2925 2425 3288 2509 Primam
3350 2442 3629 2506 autem
3693 2423 3819 2504 in-

436 2540 641 2629 dicit
688 2544 976 2629 Abbas
1036 2545 1558 2651 Provinciae,
1612 2546 1947 2630 alteram
2001 2545 2288 2631 Abbas
2337 2547 2865 2631 Monasterii:
2922 2567 3007 2630 et
3058 2541 3196 2627 illa
3247 2538 3590 2660 quidem
3648 2568 3817 2624 uno

429 2662 721 2749 saltem
772 2695 1052 2750 mense
1088 2689 1281 2751 ante
1331 2667 1870 2751 constitutum
1923 2660 2148 2749 dicm
2197 2664 2638 2776 significari
2705 2663 3093 2750 debebit:
3164 2661 3369 2747 haec
3425 2690 3618 2747 vero
3669 2662 3814 2744 tri-

429 2780 591 2865 bus
652 2802 843 2867 ante
891 2781 1212 2868 diebus.
1266 2784 1372 2869 ΙΙ.
1432 2783 1629 2893 Quo
1686 2815 1970 2869 mense
2018 2782 2393 2869 facienda
2446 2787 2600 2870 erit
2648 2783 3198 2895 congregatio
3252 2781 3735 2866 Provinciae
3785 2841 3814 2883 ,

430 2899 1035 3013 praemittenda
1106 2925 1227 2988 est
1272 2928 1738 3019 opportuno
1791 2926 2158 3016 tempore
2211 2901 2762 3014 Congregatio
2815 2906 3472 3019 uniuscujusque
3525 2899 3814 2982 Mona-

429 3018 654 3105 sterii
688 3081 718 3121 ,
785 3044 876 3105 ut
945 3024 1028 3106 in
1080 3048 1471 3137 promptu
1525 3023 1827 3108 habeat
1878 3024 2162 3109 Abbas
2226 3022 2310 3107 id
2365 3021 2596 3141 quod
2658 3022 2761 3109 ad
2814 3054 2996 3109 eam
3061 3021 3811 3131 Congregationem

432 3135 962 3241 „referendum
1016 3144 1143 3226 sit.
1199 3144 1591 3229 Similiter
1638 3173 1807 3259 quo
1859 3174 2077 3227 anno
2150 3143 2706 3228 celebrabitur
2756 3143 3305 3253 Congregatio
3355 3137 3815 3241 Generalis,

428 3281 894 3370 opportune
961 3267 1528 3375 praemittatur
1605 3260 2011 3371 Congreg.
2096 3263 2606 3349 Provinciae.
2675 3264 2827 3347 ΙΙΙ.
2900 3261 3532 3371 Congregationi
3617 3258 3816 3361 Pro,-

387 3380 751 3464 ·vinciae
801 3405 1121 3491 praeter
1168 3383 1539 3470 Abbates
1587 3381 2278 3469 Monasteriorum
2352 3384 2723 3467 intererit
2775 3383 3060 3468 Socius
3127 3382 3479 3468 Abbatis
3531 3379 3815 3461 unius·

429 3501 837 3614 cujusque
907 3503 1447 3608 Monasterii,
1532 3535 1576 3587 a
1653 3498 2314 3611 congregatione
2381 3500 2990 3605 Monachorum
3059 3498 3531 3610 eligendus.
3594 3496 3811 3611 Ejus

429 3639 727 3728 autem,
764 3618 1057 3725 electio
1107 3619 1280 3706 fieri
1361 3620 1612 3707 debet
1665 3621 1924 3704 tribus
1973 3620 2261 3705 saltem
2332 3620 2629 3705 diebus
2681 3644 3123 3740 antequam
3189 3617 3292 3703 ad
3343 3617 3811 3729 Congrega-

426 3738 741 3822 tionem
799 3737 1284 3826 Provinciae
1343 3737 1890 3855 procedatur,
1959 3762 2049 3826 ut
2098 3737 2517 3827 sufficiens
2589 3763 2913 3855 tempus
2965 3739 3265 3825 habeat
3331 3735 3434 3822 ad
3485 3767 3816 3822 sumen·

428 3853 622 3939 dam
684 3853 1349 3947 informationem
1422 3858 1537 3947 ,de
1594 3870 1833 3945 'statu
1921 3863 2397 3946 Monasterii
2452 3924 2475 3966 ,
2544 3858 2817 3976 deque
2886 3859 3307 3979 querelis,
3386 3878 3470 3942 et
3545 3858 3812 3942 causis

428 3972 1060 4060 Monachorum.
1128 3978 1361 4065 Idem
1436 3977 1888 4067 dicendum
1940 3975 2045 4064 de
2100 3980 2315 4065 Socii
2383 3982 2808 4066 Abbatum
2881 3978 2986 4064 ad
3065 3976 3811 4087 congregationem

427 4091 925 4180 Generalem
976 4092 1362 4183 discessu.
1418 4099 1723 4184 Omnia
1777 4121 2080 4203 autem,
2115 4130 2335 4216 ,quae
2388 4100 2674 4184 Socius
2725 4098 3365 4209 Congregationi
3419 4097 3808 4206 generali,

424 4214 559 4299 vel
612 4215 1110 4301 Provinciali
1170 4220 1503 4304 nomine
1567 4216 2165 4302 Monachorurn
2221 4220 2782 4333 praesentabit
2832 4281 2855 4323 ,
2923 4216 3236 4302 debent
3287 4246 3457 4302 esse
3512 4214 3805 4325 Sigillo

425 4332 905 4420 Monasterii
955 4336 1269 4441 clausa,
1322 4359 1406 4423 et
1455 4337 1562 4423 ab
1623 4339 1720 4421 iis
1787 4336 2272 4450 subscripta.
2345 4339 2486 4421 lV.
2556 4338 2651 4423 Iu
2733 4360 3085 4455 utraque
3153 4336 3812 4446 Congregatione

426 4450 651 4539 idem
701 4451 906 4539 ordo
981 4478 1413 4562 servetur,
1497 4455 1603 4542 de
1671 4486 1839 4571 quo
1911 4488 2156 4569 supra
2237 4460 2322 4542 in
2391 4457 3049 4569 Congregatione
3115 4456 3804 4567 Hegumenorum

426 4569 750 4660 dictum
799 4598 923 4662 est
972 4608 1200 4662 num.
1272 4577 1423 4661 III.
1478 4599 1560 4661 ct
1626 4575 1776 4659 Vl.
1836 4576 2334 4664 Secretarius
2384 4601 2664 4663 autem
2712 4641 2742 4681 ,
2808 4575 3221 4662 Aedituus
3271 4638 3295 4680 ,
3364 4598 3447 4662 et
3499 4575 3812 4660 Ianitor

426 4693 532 4776 ab
569 4694 913 4781 ‚Abbate
957 4697 1424 4807 eligantur,
1492 4694 1907 4780 duo-vero
1956 4692 2533 4808 suffragiorum
2600 4701 3059 4808 cognitores
3110 4731 3153 4782 a
3204 4695 3636 4782 Monachis
3704 4690 3831 4778 ad·

283 4838 330 4907 ⁸,
427 4808 1194 4923 Congregationem
1253 4817 1746 4903 convocatis.
1813 4814 1915 4897 V.
1977 4814 2427 4926 Agendum
2491 4847 2738 4931 porro
2805 4817 2968 4911 ‚erit
3040 4821 3309 4933 primo
3376 4813 3482 4900 de
3561 4815 3808 4901 rebus

423 4931 990 5041 spiritualibus
1046 4931 1149 5017 ad
1227 4930 1689 5046 profectum
1742 4933 2348 5021 Monachorum
2396 4936 2988 5053 spectantibus,
3036 4932 3804 5054 inquirendumque

426 5051 513 5133 in
573 5081 839 5136 mores
910 5054 1568 5172 uniuscujusque
1625 5115 1652 5158 ,
1707 5056 1772 5141 si
1834 5050 2042 5171 quid
2107 5079 2389 5141 contra
2471 5056 2898 5168 Regulam,
2974 5056 3661 5157 Constitutiones,
3723 5074 3808 5139 et

425 5169 1072 5259 consuetudines
1149 5199 1561 5286 peccetur.
1586 5168 1606 5184 ⁹
1631 5171 2019 5259 Secundo
2082 5171 2188 5260 de
2277 5178 2675 5287 regimine
2744 5178 3312 5289 superiorum,
3382 5197 3469 5262 et
3532 5174 3812 5287 subje-

425 5312 750 5373 ctorum
792 5288 1329 5378 obedientia.
1393 5293 1679 5381 Tertio
1754 5288 1860 5377 de
1925 5296 2523 5407 temporalibus
2572 5296 3267 5383 Monasteriorum
3314 5294 3585 5399 rebus.
3651 5292 3802 5379 VI.

425 5408 757 5498 Abbate
818 5409 921 5496 ad
974 5409 1715 5528 Congregationem
1782 5409 2275 5502 Generalem
2309 5440 2636 5524 eunte,
2702 5418 3322 5504 authicarium
3392 5417 3802 5521 mittente,
3934 5406 3947 5415 ’

415 5526 700 5629 ιιιιῐὶιιιο
766 5530 1230 5622 celebretur
1273 5532 1830 5650 Congregatio
1903 5531 2511 5629 Monachorum
2561 5535 2668 5627 de
2727 5569 3013 5628 mense
3059 5542 3147 5629 in
3213 5566 3628 5644 mensem,
3668 5536 3806 5624 cui
