4834 6409
1082 479 1133 569 3
1210 510 1254 563 2
1906 564 1914 575 ,

1084 512 1598 704 minoribus,
1652 599 2272 688 etscribuntur
2323 602 2407 685 i‘n
2466 601 2741 690 charta
2795 635 2836 689 a
2892 601 3366 701 Secretario.
3430 595 3547 683 Et
3613 622 3834 679 unus
3882 616 3979 709 εξ
4030 582 4189 668 illis
4237 575 4448 667 duo·

1083 719 1244 803 bus
1294 716 1792 832 professione
1842 723 2260 835 antiquior
2326 755 2622 809 nomen
2679 725 2917 810 electi
2969 723 3233 811 altiori
3283 748 3491 807 voce
3541 711 4031 830 pronunciat
4061 723 4237 816 ‚Ut
4281 703 4449 788 Ge‘·

1087 843 1441 945 neraliS‚
1509 864 1593 924 et
1658 837 2126 948 Hegumeni
2198 839 2592 930 audiant:
2664 869 2744 930 et
2810 847 2954 962 qui
3019 846 3258 961 plura
3335 835 3717 947 suffragia
3802 824 4236 928 habuerit,
4303 818 4446 907 ille

978 1033 986 1042 .
1083 958 1372 1047 Abbas
1422 962 1627 1045 erit:
1700 990 1947 1077 quem
2014 959 2361 1074 proinde
2426 965 2857 1051 Generalis
2921 961 3467 1081 proclamabit
3516 961 3597 1041 in
3660 952 3866 1038 haec
3941 944 4217 1033 verba.
4269 936 4449 1028 No·

1085 1082 1312 1160 mine
1380 1083 2071 1198 Congregationis
2121 1099 2450 1175 nostrae
2508 1090 2977 1196 pronuncio
3006 1154 3031 1195 ‚
3081 1103 3162 1168 et
3222 1078 3555 1164 declaro
3630 1064 4200 1163 Reverendum
4274 1063 4447 1202 pa·

1084 1215 1299 1280 trem
1370 1198 1492 1286 N.
1543 1199 1963 1285 Abbatem
2030 1202 2567 1309 Provinciae·
2611 1202 2729 1290 N.
2784 1206 2915 1290 vel
2968 1204 3488 1297 Monasterii
3534 1194 3652 1284 Ν
3708 1192 3996 1276 Finito<
4049 1185 4448 1269 scrutinio

1085 1348 1370 1404 omnes
1420 1321 1659 1405 electi
1711 1320 2079 1404 Abbates
2113 1385 2143 1423 ,
2207 1327 2485 1438 quirin
2542 1356 2639 1408 eo
2692 1324 3192 1411 Monasterio
3237 1339 3703 1436 praesentes
3752 1309 4061 1397 fuerint
4095 1367 4125 1407 ³
4176 1334 4446 1413 genua

1084 1436 1434 1523 flectunt
1497 1470 1769 1524 coram
1832 1440 2164 1527 Abbate
2250 1444 2705 1550 Generali,⁴
2780 1472 2862 1533 et
2930 1443 3491 1555 Hegumenis‚
3561 1457 4071 1546 manumque
4154 1436 4446 1509 eor'um

1085 1552 1670 1646 deosculantur
1696 1624 1726 1665 ,
1776 1583 1859 1645 et
1920 1562 2274 1647 invicem
2328 1565 2433 1647 ab
2484 1563 2610 1648 his
2659 1565 2764 1650 ad
2813 1566 3188 1657 osculum
3253 1563 3472 1673 pacis
3521 1552 4098 1655 admittuntur.
4154 1544 4443 1628 Abbas

1084 1699 1363 1762 autem
1412 1680 1841 1765 Generalis
1923 1685 2378 1797 unicuique
2442 1714 2727 1769 eorum
2791 1675 3146 1801 sigillum
3200 1677 3483 1766 Officii
3568 1678 3740 1760 sui:
3813 1665 4117 1756 deinde
4180 1665 4443 1748 omni-

1079 1793 1240 1879 bus
1290 1821 1608 1910 praeter
1653 1799 2186 1908 Hegumenos
2237 1805 2736 1912 genuflexis,
2808 1808 3269 1920 impertitur
3317 1795 4040 1892 benedictionem,
4093 1785 4430 1871 diceus:

1078 1914 1539 2000 Benedicat
1603 1950 1735 2002 vos
1815 1919 2356 2029 Omnipotens
2420 1927 2654 2011 Deus
2733 1929 2995 2012 Pater
3028 1922 3133 2027 Q
3180 1921 3262 2005 et
3320 1917 3602 2005 Filius
3653 1911 3757 2014 Q
3803 1929 3886 1992 et
3936 1910 4303 2021 Spiritus
4337 1903 4444 2006 Q

1076 2037 1459 2119 Sanctus.
1518 2037 1858 2125 Fratres.
1939 2037 2241 2122 Amen.
2298 2044 2413 2124 Et
2489 2045 2952 2157 procedunt
3000 2042 3571 2160 unusquisque
3631 2032 3735 2120 ad
3802 2030 4094 2141 cellam
4180 2056 4437 2122 suam.

1080 2153 1366 2238 Abbas
1418 2156 1846 2242 Generalis
1880 2221 1908 2260 ,
1971 2180 2054 2241 et
2106 2159 2571 2270 Hegumeni
2621 2163 2962 2251 tradunt
3007 2164 3346 2272 singulis
3398 2178 3764 2269 patentes
3806 2152 4085 2264 ⁴literas
4136 2151 4499 2271 tenoris—

1078 2276 1495 2386 sequeutis
1534 2312 1554 2361 ε
1626 2276 2269 2365 Venerabilibus
2315 2284 2763 2371 Fratribus
2848 2283 3192 2370 Ordinis
3244 2283 3327 2366 S.
3370 2280 3674 2388 Patris
3736 2273 4001 2354 nostri
4078 2269 4448 2379 Antonii

1083 2394 1773 2512 Congregatiouis
1841 2397 1924 2481 S.
1974 2397 2257 2483 'Isaiae
2308 2402 2808 2490 Provinciae
2856 2402 2974 2490 N.
3029 2402 3160 2489 vel
3201 2397 3719 2487 Monasterii
3764 2388 3884 2476 N.
3934 2387 4295 2472 salutem
4348 2392 4445 2468 in

1074 2512 1473 2620 Domin0‚
1526 2534 1607 2596 et
1656 2515 2329 2602 benedictionem.
2380 2519 2709 2608 Notum
2728 2525 3117 2640 facimus
3166 2523 3418 2624 vobis,
3469 2517 3818 2600 Fratres
3856 2573 3878 2615 ‚
3964 2510 4442 2623 Congrega·

1022 2665 1026 2670 ·
1073 2636 1390 2719 tionem.
1433 2635 2120 2751 Hegumenorum
2168 2639 2548 2725 habitam
2595 2643 2734 2728 die
2780 2643 2895 2730 N.
2954 2673 3174 2727 anno
3221 2638 3341 2726 N.
3394 2635 3823 2720 communi
3868 2625 4231 2713 consilio.
4283 2626 4447 2710 ele-

1066 2757 1288 2868 gisse
1339 2754 1902 2839 Reverendum
1952 2759 2299 2843 Patrem
2345 2759 2464 2845 N.
2519 2768 2611 2846 in
2655 2762 3076 2848 Abbatem
3130 2778 3492 2845 vestrum
3534 2756 3975 2867 proprium
4004 2811 4029 2853 ‚
4078 2764 4161 2828 et
4188 2777 4443 2859 pecu-

1073 2872 1374 2955 liarem
1412 2937 1435 2979 ‚
1487 2879 1642 2991 qui
1699 2907 1951 2959 carne
1985 2940 2010 2980 ,
2063 2898 2143 2960 et
2192 2884 2499 2992 sp‘iritu
2550 2916 2684 2968 vos
2726 2886 3129 3002 gubernet
3157 2886 3437 2997 juxta
3483 2891 3806 2958 nostras
3891 2866 4441 2953 Consuetudi-

1067 3022 1210 3075 nes
1244 3056 1264 3097 ‚
1339 2996 1984 3105 Consilitutl‘ones
2021 3062 2049 3099 ,
2098 3017 2199 3094 et.
2237 3002 2702 3117 Regulam3
2753 3007 3151 3119 quocirca
3214 2993 3714 3081 mandamus
3766 2992 3989 3074 vobis
4040 2992 4130 3071 in
4182 2992 4443 3077 virtu-

1067 3107 1167 3197 τθ
1196 3133 1536 3197 sanctae
1589 3113 2129 3221 obedientiae,
2184 3137 2271 3200 ut
2322 3119 2596 3205 eidem
2641 3120 3098 3208 secundum
3158 3136 3487 3202 nostrae
3542 3112 4238 3228 Congregationis
4292 3114 4443 3198 Re..

1062 3229 1360 3346 gulam
1399 3238 1822 3345 pareatis:
1894 3242 2250 3350 eumque
2314 3239 2736 3326 Abbatem
2785 3306 2810 3348 ‚
2886 3274 3031 3326 seu
3080 3245 3428 3328 Patrem
3487 3251 3863 3318 nostrum
3923 3227 4358 3342 appelletis
4406 3293 4434 3337 ‚

987 3426 994 3431 .
1066 3354 1397 3467 ipsique
1473 3351 1734 3437 veluti
1808 3354 2179 3471 legitime
2244 3367 2718 3473 praeposito
2803 3383 3064 3446 vestro
3146 3359 3519 3443 debitam
3617 3348 4172 3460 obedientiam
4209 3412 4232 3455 ,
4301 3350 4444 3434 lzo·

1063 3500 1353 3551 norem
1387 3534 1411 3577 ‚
1497 3489 1751 3587 atque
1841 3483 2391 3560 reverentiam
2475 3481 2947 3566 exhibeatis
2981 3543 3002 3564 .
3081 3482 3180 3566 Si
3249 3481 3438 3595 quis
3537 3472 3673 3557 illi
3762 3472 4088 3565 subesse
4157 3467 4440 3554 nolue-
4486 3520 4493 3524 -

1063 3593 1179 3670 rit
1207 3654 1235 3691 ,
1298 3596 1612 3675 noverit
1695 3623 1781 3674 se
1850 3624 2192 3676 suorum
2268 3617 2643 3683 votorum
2700 3606 3408 3719 ‘transgressorem
3455 3592 3682 3707 fhre.
3772 3587 4259 3673 Benedictio
4322 3596 4436 3676 sit
4490 3595 4497 3603 ’

1061 3716 1311 3819 super
1355 3708 1842 3794 obediente&
1912 3714 2243 3797 Datum
2293 3720 2384 3798 in
2434 3720 2962 3803 Monasterio
3021 3719 3138 3805 N.
3188 3717 3321 3801 die
3373 3713 3493 3803 N.
3558 3740 3835 3797 mense
3882 3707 4005 3796 Ν.
4056 3740 4277 3794 anno
4310 3709 4430 3797 N.

1070 3829 1629 3946 Congregatio
1705 3834 2413 3949 Hegumenorum.
2475 3839 2877 3956 Sigillum
2911 3837 3015 3940 Q
3071 3834 3542 3935 GeneraliS‚
3573 3851 3656 3916 et
3706 3831 4421 3947 Hegumenorum.

1066 3946 1291 4032 Cum
1346 3946 1614 4034 dictae
1664 3950 1945 4037 literae
1994 3950 2098 4037 ad
2163 3954 2753 4045 Mouasterium
2809 3963 3245 4068 veneriut3
3310 3984 3526 4039 unus
3596 3982 3694 4036 ex
3760 3948 4240 4054 Fratribus,
4305 3980 4433 4038 re-

1062 4067 1941 4186 liquis-audientibu3‚
2008 4074 2092 4156 in
2170 4073 2539 4160 Ecclesia
2579 4139 2604 4184 ‚
2675 4081 2805 4164 vel
2874 4077 3337 4166 Refectorio
3370 4137 3400 4177 ,
3465 4070 3796 4157 Abbate
3868 4069 4137 4154 electo
4200 4100 4429 4184 prae·

1061 4210 1352 4294 sente,
1420 4189 1597 4274 illas
1678 4191 1940 4300 legat:
2008 4190 2408 4311 finitaque
2487 4198 2901 4304 lectione,
2994 4200 3390 4284 continuo
3487 4190 3795 4276 Abbati
3874 4189 4142 4275 electo
4188 4196 4432 4294 ,vel

1063 4303 1551 4397 confirmato
1602 4339 1891 4415 omnes
1941 4312 2559 4421 genuflectant:
2631 4318 2912 4403 Abbas
2966 4349 3179 4404 vero·
3211 4319 3305 4400 iis
3354 4308 3820 4416 benedicat,
3876 4306 4212 4394 dicens:
4270 4311 4431 4393 Be.

1062 4424 1399 4545 nedicat
1447 4459 1582 4511 vos
1639 4430 2181 4542 Omnipotens
2230 4433 2465 4519 Deus
2518 4438 2781 4521 Pater
2826 4435 2931 4538 Q
2979 4456 3061 4520 et
3107 4434 3389 4523 Filius
3429 4429 3534 4533 Q
3581 4448 3662 4513 et
3694 4432 4061 4543 Spiritus
4090 4425 4197 4529 Q
4218 4433 4435 4516 San-

1058 4572 1264 4635 ctus.
1319 4546 1435 4629 Et
1498 4545 2057 4661 respondent,
2120 4549 2427 4636 Amen.
2494 4555 2606 4640 Et
2656 4581 3039 4668 surgunt,
3105 4558 3450 4671 ejusque
3512 4581 3850 4635 manum
3923 4549 4424 4633 osculantur.

1059 4665 1348 4755 Abbas
1415 4696 1611 4751 suae
1661 4666 2082 4757 electionis
2134 4690 2509 4782 patentes
2583 4676 2850 4762 literas
2912 4673 3133 4789 apud
3181 4705 3267 4758 se
3329 4667 3790 4758 custodiat:
3845 4666 4208 4785 cumque
4272 4691 4431 4752 sta-

1057 4807 1242 4869 tuto
1296 4808 1660 4899 tempore
1709 4811 2328 4896 exauctoratus,
2381 4792 2512 4878 vel
2564 4793 3092 4881 confirmatus
3142 4791 3389 4879 fuerit
3435 4855 3460 4897 ‚
3527 4789 3835 4874 Abbati
3887 4788 4281 4873 Generali
4334 4788 4429 4872 il-

1057 4904 1174 4989 las
1227 4905 1622 4992 restituet.
1677 4904 2175 4995 Secretarius
2227 4935 2505 4999 autem
2558 4916 3032 5001 Monasterii
3083 4945 3219 5001 eas
3269 4910 3376 4998 de
3422 4910 3682 4998 verbo
3731 4904 3838 4994 ad
3875 4907 4231 4995 verbum
4279 4905 4426 4993 de·

1056 5025 1420 5127 scribat,
1483 5047 1568 5110 et
1627 5026 1713 5109 in
1763 5023 2582 5144 Archiviorepouat.
2649 5034 3211 5151 Sequentibus
3258 5061 3392 5117 sex
3459 5026 3756 5123 diebus
3819 5032 3906 5114 iu
3961 5025 4429 5138 Congrega·

1054 5148 1280 5233 tione
1329 5144 2012 5255 Hegumenorum
2047 5144 2153 5240 de
2207 5151 2452 5238 rebus
2501 5148 2604 5236 ad
2655 5157 3136 5240 universum
3186 5150 3596 5238 Ordinem
3632 5150 4196 5262 spectantibus
4247 5179 4424 5262 age.

1055 5290 1217 5351 tur.
1291 5264 1387 5349 V.
1459 5266 1544 5349 Si
1594 5295 1791 5353 vero
1844 5263 2395 5383 Congregatio
2445 5271 3132 5383 Hegumenorum
3199 5302 3365 5356 non
3432 5291 3616 5386 post
3675 5265 4425 5381 Congregationem

1055 5383 1551 5472 Generalem
1602 5447 1628 5489 ‚
1693 5382 1839 5472 sed
1886 5393 2382 5499 praestitutis
2434 5396 2949 5507 temporibus
2996 5394 3163 5479 suis
3211 5388 3385 5496 fiat,
3431 5392 3701 5504 primo
3751 5384 3888 5476 die
3938 5388 4045 5476 de
4092 5391 4423 5499 gravio·

1053 5505 1285 5592 ribus
1340 5506 1683 5616 negotiis
1750 5500 2164 5619 agendum
2214 5512 2411 5618 erit,
2465 5512 2997 5629 postmodum
3058 5513 3374 5628 reliqua
3426 5506 3953 5597 definiantur.
4018 5509 4168 5596 VI.
4221 5509 4421 5594 Ter-
4543 5534 4551 5542 ·

1057 5633 1366 5715 minata
1417 5625 2078 5740 Congregatione
2108 5695 2140 5738 ,
2191 5628 2582 5741 describ?
2615 5655 2913 5725 curent
2957 5668 3004 5721 a
3066 5632 3518 5721 Secretario
3596 5629 3807 5717 Acta
3859 5633 4135 5720 omnia
4164 5692 4198 5739 „
4256 5625 4422 5715 ele·
