4834 6409
1012 352 1184 444 208

1012 474 1305 564 eadem
1355 505 1685 592 prorsus
1746 473 1953 566 fides
2003 477 2321 596 ubique
2370 473 2928 584 adhibeaturi
2989 502 3204 595 quae
3265 471 3835 598 praesentibus
3893 475 4090 596 ipsis
4155 473 4390 567 adhi-

1012 597 1355 685 beretur
1390 662 1414 704 ,
1469 604 1534 685 si
1588 595 1872 685 forent
1934 598 2348 687 exhibitae
2385 663 2429 703 ,v
2467 598 2602 686 vel
2652 619 3052 686 ostensae.

1133 716 1449 825 Datum
1500 721 1810 827 Romae
1860 717 2083 836 apud
2136 720 2217 807 S.
2272 718 2624 805 Mariam
2670 717 3075 833 Maiorem
3148 716 3308 807 sub
3358 717 3706 807 Annulo
3757 716 4194 807 Piscatoris
4254 715 4391 809 die

1021 870 1156 923 22.
1212 838 1486 925 Martii
1549 842 1798 958 1736.
1866 841 2106 927 Pont.
2164 843 2422 927 nostri
2474 868 2695 926 anno
2740 839 2890 925 VI.
3835 850 3842 857 ’

2973 961 3077 1047 F.
3152 956 3641 1048 Cardinalzk
3702 956 4150 1048 Oliverius.

1146 1327 1667 1444 Confirmata
1715 1331 2077 1417 Decreto
2126 1328 2602 1417 Innocentii
2644 1328 2839 1434 XL,
2892 1356 3058 1445 quo
3125 1326 3479 1413 Graecis
3535 1322 4144 1445 cujuscumque
4205 1357 4398 1411 con-

1257 1446 1602 1532 ditionis
1645 1451 2198 1560 prohibentur
2246 1452 2953 1570 quaestuationes,
2988 1444 3348 1565 singulis
3383 1446 3982 1533 Cardinalibus
4021 1446 4392 1563 Legatis‚

1168 1612 1172 1616 ·
1259 1586 1340 1651 et
1376 1565 1482 1655 N
1473 1570 1745 1655 unciis
1792 1569 2304 1686 Apostolicis
2333 1637 2358 1678 ,
2409 1575 2870 1686 ceterisque
2921 1567 3503 1656 Ecclesz'arum
3552 1567 3977 1654 Praelatis
4014 1571 4397 1651 commit-

1260 1690 1472 1770 titur
1532 1693 1654 1774 eis
1700 1721 1868 1775 non
1916 1712 2250 1783 tantum
2285 1693 2618 1807 Literas
2688 1687 3374 1804 Quaestuationis
3403 1751 3428 1797 ,
3491 1686 3644 1777 s‘ed
3668 1678 4120 1807 'quaesitas
4180 1718 4400 1804 quo-

1263 1840 1425 1927 que
1466 1816 1873 1924 pecunias
1924 1811 2313 1899 adimere.

1614 2050 2672 2237 CLEMENs
2756 1967 3323 2177 PAPA
3457 2050 3802 2167 XII.

1994 2302 2153 2390 Ad
2187 2323 2684 2420 perpetuam
2731 2306 2860 2383 rei
2907 2306 3432 2387 memoriam.

651 2544 1001 2651 Decretum
1143 2543 1211 2641 S.
1289 2579 1355 2632 1.
1427 2448 1872 2635 Dudum
1927 2551 2340 2633 emanavit
2391 2580 2434 2632 a
2485 2543 2619 2633 fel.
2678 2575 2837 2631 rec.
2896 2541 3388 2631 Innocentio
3441 2543 3602 2628 ΡΡ.
3686 2540 3844 2628 XI.
3911 2541 4401 2630 praedeces·

634 2640 1000 2796 &Inocesgn
1026 2692 1205 2749 sore
1267 2686 1550 2751 nostro
1597 2667 1681 2750 in
1737 2663 2397 2779 Congregatione
2449 2690 2654 2753 tunc
2705 2668 3229 2751 existentium
3284 2663 3611 2752 S.·R.E.
3652 2662 4226 2749 Cardinalium
4268 2696 4407 2747 ne-

638 2777 899 2886 crisonis
1024 2786 1263 2892 gotiis
1316 2783 1901 2899 propagandae
1953 2787 2189 2874 Fidei
2239 2791 2890 2903 praepositorum
2955 2816 3232 2871 coram
3289 2786 3466 2900 ipso
3517 2785 4005 2871 Innocentio
4059 2782 4406 2869 Praede-

635 2909 965 2979 interdici·
1026 2934 1342 2990 cessore
1395 2906 1672 2992 habita
1714 2906 2182 2995 ,Decretum
2233 2909 2492 3023 Typis
2555 2903 2912 2991 subinde
2963 2908 3452 3020 impressum
3490 2969 3514 3012 ‚
3581 2938 3674 2991 ac
3727 2905 4204 3017 evulgatum
4277 2926 4401 2988 te··-

629 3017 742 3069 ²⁰¹⁹
788 3003 952 3157 ἦξε·
1027 3028 1247 3109 noris
1304 3030 1451 3143 qui
1502 3029 1928 3144 sequitur,
1995 3028 2432 3116 videlicet:
2501 3027 2663 3113 Die
2717 3057 2852 3139 29.
2907 3025 3279 3114 ,Ianuarii
3342 3032 3593 3142 1677.
3655 3026 3746 3110 In
3803 3024 4406 3138 Congregatio-

627 3118 968 3276 ᾙιὲζζῑξζ
1028 3178 1131 3231 ne
1201 3148 1556 3253 generali
1614 3144 1721 3233 de
1786 3148 2321 3263 propaganda
2400 3146 2607 3233 Fide
2674 3146 2948 3233 habita
3016 3149 3100 3232 in
3185 3148 3496 3232 Palatio
3570 3147 4047 3262 Apostolico
4126 3173 4402 3231 coram

521 3318 530 3328 ·
645 3301 730 3343 re·
1028 3264 1744 3353 Reverendissimo
1794 3270 2164 3356 Domino
2215 3292 2495 3355 nostro
2544 3270 3038 3354 Innocentio
3091 3269 3308 3383 Papa
3338 3267 3493 3351 XI.
3529 3299 3624 3353 ac
3672 3267 4424 3369 EminentissimiSJ

821 3408 831 3415 '
1026 3411 1110 3473 et
1160 3385 1892 3474 Reverendissimis
1943 3388 2531 3477 Cardinalibus
2579 3387 2953 3504 ejusdem
3010 3389 3303 3475 Sacrae
3356 3386 4034 3500 Congregationis
4098 3388 4406 3472 Decre-

1027 3532 1263 3611 tum,
1332 3538 1434 3593 ne
1496 3513 2020 3622 permittatur
2067 3511 2405 3599 Graecis
2481 3516 3087 3627 cujuscumque
3149 3532 3407 3595 status
3444 3571 3469 3614 ‚
3535 3531 3618 3596 et
3683 3505 4183 3595 conditionis
4246 3528 4400 3592 etc.

1023 3630 1417 3742 pecunias
1468 3654 2006 3748 quaestuare,
2069 3632 2205 3719 vel
2281 3635 2576 3752 quovis
2641 3631 2800 3716 alio
2852 3626 3101 3714 modo
3152 3622 3736 3742 eleemosynas'
3790 3653 4089 3741 petere.
4175 3626 4398 3735 Cum

1030 3749 1327 3832 Sancta
1379 3749 1553 3834 loca
1594 3750 2368 3864 Hierosolymitana‚
2407 3757 2489 3836 in
2545 3751 2849 3870 quibus
2910 3751 3271 3836 Verbum
3312 3782 3499 3837 caro
3549 3746 3856 3836 factum
3914 3775 4088 3854 est,
4127 3772 4211 3835 et
4263 3760 4412 3831 no-'

1027 3892 1238 3954 strae
1324 3874 1854 3983 reparationis
1907 3873 2291 3985 Mysteria
2333 3935 2357 3978 ‚
2411 3873 2597 3960 Deo
2662 3874 3096 3957 miserante
3133 3934 3160 3978 ‚
3205 3872 3609 3986 completa
3687 3884 3882 3955 sunt
3918 3934 3941 3976 ,
4012 3869 4408 3956 hactenus

1028 3986 1779 4099 administrationi,
1847 4017 1928 4078 et
1979 3990 2399 4079 custodiae
2464 3995 2545 4077 S.
2582 3988 3155 4077 Francisci‘de
3206 3992 3751 4077 Observantia
3806 4024 3848 4076 a
3905 3994 4203 4091 Sancta
4271 3987 4412 4073 Se-

1029 4106 1133 4195 de
1188 4111 1658 4222 Apostolica
1713 4117 2140 4199 commissa
2175 4176 2199 4219 ‚
2291 4112 2784 4225 nuperrimis
2839 4108 3060 4196 hisce
3130 4109 3427 4198 diebus
3490 4146 3535 4197 a
3591 4111 3927 4197 Graecis
3995 4111 4412 4197 Schisma-

1031 4233 1210 4314 ticis
1259 4232 1727 4317 subornatis
1777 4235 2011 4319 aulae
2060 4235 2462 4319 Turcicae
2515 4233 2906 4316 ministris
2957 4229 3063 4316 de
3116 4264 3370 4317 manu
3420 4229 3832 4318 dictorum
3887 4232 4269 4317 Fratrum
4326 4230 4406 4314 S.

1030 4349 1099 4432 F
1107 4355 1446 4437 rancisci
1497 4382 1826 4439 summo
1884 4352 2369 4439 Latinorum
2409 4350 2815 4439 dedecore
2865 4348 3249 4467 usur-pata
3297 4357 3463 4437 sint
3498 4414 3522 4457 ‚
3579 4355 3676 4436 iis
3732 4355 4170 4467 praecipue
4220 4350 4415 4435 sub·

1029 4469 1324 4576 sidiis,
1400 4503 1613 4588 quae
1663 4505 1759 4560 ex
1809 4471 2183 4563 fidelium
2226 4468 2901 4559 ¹Christianorum
2957 4474 3497 4589 eleemosynis
3560 4471 3813 4557 iidem
3879 4472 4174 4559 Graeci
4229 4502 4416 4585 per·

1033 4615 1481 4701 ceperunt:
1552 4592 1675 4678 Ut
1722 4592 1921 4680 huic
1972 4595 2255 4682 sceleri
2314 4591 2610 4678 modus
2678 4596 3199 4704 imponatur,
3267 4624 3477 4679 neve
3525 4625 3621 4679 ex
3674 4591 4050 4678 fidelium
4108 4595 4409 4707 pietate

1031 4708 1621 4820 schismaticiS,
1687 4737 1771 4799 et
1818 4719 2236 4829 perpetuis
2285 4714 2709 4800 Ecclesiae
2765 4713 3181 4807 Romanae
3236 4712 3610 4798 hostibus
3662 4711 3931 4798 aditus
3995 4712 4411 4803 ad-novas

1032 4831 1574 4918 cumulandas
1625 4836 1966 4948 injurias
2017 4838 2430 4948 aperiatur
2465 4897 2489 4942 ‚
2561 4835 3135 4919 Sanctissimus
3181 4832 3601 4920 Dominus
3654 4832 3949 4919 Noster
4000 4833 4410 4919 Innocen·
4479 4893 4494 4902 -

1031 4954 1193 5036 tius
1246 4952 1405 5035 ΡΡ.
1461 4953 1615 5036 XI.
1672 4986 2010 5040 suorum
2075 4952 2808 5043 Praedecessorum
2872 4953 3403 5039 Summorum
3459 4949 3959 5040 Pontificum
4043 4956 4404 5065 vestigiis

1032 5070 1544 5158 inhaerendo
1623 5079 1865 5160 etiam
1935 5075 2040 5162 de
2093 5075 2463 5173 Consilio
2501 5138 2524 5180 ‚
2598 5098 2683 5160 et
2746 5073 2965 5159 Voto
3015 5074 3887 5160 Eminentissirnorum
3926 5138 3948 5182 ‚
4015 5098 4099 5159 et
4152 5073 4413 5165 Revo-

1036 5188 1711 5281 rendissimorum
1764 5196 1959 5279 DD.
2012 5196 2094 5281 S.
2137 5195 2229 5280 R.
2267 5197 2368 5280 E.
2435 5192 3012 5282 Cardinalium
3069 5192 3709 5307 Congregationi
3784 5192 3888 5280 de
3941 5191 4150 5280 Fide
4214 5193 4411 5277 Pro-

1034 5311 1404 5423 paganda
1462 5319 2110 5429 praepositorum
2161 5317 2551 5402 omnibus
2586 5377 2610 5422 ‚
2657 5339 2749 5401 ct
2803 5313 3474 5434 quibuscumque
3529 5316 3610 5400 S.
3649 5314 3739 5400 R.
3779 5314 3886 5400 E.
3951 5311 4417 5402 Cardinali-

1032 5430 1193 5518 bus
1245 5468 1287 5519 a
1343 5437 1593 5523 latere
1650 5437 2028 5550 Legatis‚
2085 5436 2423 5525 Nuntiis
2477 5434 2980 5552 Apostolicis
3012 5500 3042 5543 ,
3110 5435 3602 5524 Patriarchis
3639 5500 3662 5544 ,
3716 5434 4412 5550 Archiepiscopis‚

1034 5553 1694 5676 Metropolitanis
1731 5623 1755 5668 ‚
1824 5561 2252 5678 Episcopis
2283 5621 2308 5669 ‚
2381 5558 2860 5648 Abbatibus
2892 5620 2923 5663 ,
2977 5559 3436 5681 ceterisque
3508 5561 3896 5648 omnibus
3951 5550 4416 5648 Ordinariis
