4834 6409
3644 447 3819 536 353

424 586 950 672 Sacramenta
999 572 1564 666 Confessionis
1596 633 1628 677 ,
1690 592 1775 660 et
1824 570 2475 662 Communionis
2538 564 3629 688 frequentent.‘Mercedem
3681 566 3831 656 iti-4

422 705 619 795 dem
669 702 1040 790 debitam
1113 729 1268 785 suo
1330 722 1704 812 tempore
1766 694 1864 782 iis
1923 696 2360 809 persolvat.
2429 694 2832 804 Querelas
2896 723 3185 777 eorum
3258 690 3618 779 libenter
3690 724 3836 777 au·

424 824 659 934 diat3
724 851 1261 913 causas-vero
1341 846 1777 936 nunquam
1838 819 2016 903 sine
2064 817 2399 905 Abbate
2477 814 2818 932 judicet.
2872 812 3210 932 Neque
3265 843 3405 900 eos
3486 811 3834 897 insolitis

428 948 721 1062 poenis
758 1009 783 1047 ‚
851 967 933 1031 et
982 941 1378 1029 oneribus
1429 960 1861 1052 aggravet,
1916 968 2212 1054 neque⁸
2251 940 2442 1054 plus
2491 941 2637 1023 uni
2670 998 2694 1043 ,
2763 966 3015 1054 quam
3090 935 3325 1019 alteri
3379 963 3667 1018 eorum
3718 929 3838 1019 fa·

428 1090 642 1154 veat.
709 1061 1077 1176 Quando
1126 1092 1326 1151 vero
1387 1062 1684 1179 aliquis
1760 1089 2047 1147 eorum
2136 1057 2682 1144 dimittendus
2734 1061 2840 1141 sit
2890 1118 2913 1161 ‚
2986 1054 3072 1140 id
3157 1052 3556 1141 fiat‘c‘um
3606 1051 3837 1140 omni

433 1187 830 1275 charitate
864 1251 892 1293 ‚
945 1208 1031 1273 et
1098 1216 1292 1270 cum
1347 1184 1589 1297 plena
1641 1183 1822 1294 ejus
1871 1176 2422 1266 satisfactione
2472 1176 2749 1298 quoad
2800 1175 3179 1263 debitum
3260 1173 3769 1290 stipendium
3810 1233 3829 1254 .

431 1309 634 1395 XII.
702 1311 826 1393 Ita
878 1305 1221 1393 demum
1289 1302 1823 1390 Oeconomus
1887 1332 2162 1393 rerum
2228 1303 2814 1413 temporalium
2882 1293 3528 1384 sollicitudinem
3580 1319 3833 1409 gerat,
3920 1360 3951 1375 β

438 1451 531 1514 ut
596 1463 641 1515 a
715 1428 1221 1513 Monasticae
1298 1427 1515 1510 vitae
1581 1418 2083 1537 perfectione
2142 1425 2510 1506 animum
2569 1453 2729 1507 non
2789 1420 3110 1506 relaxet.
3195 1416 3495 1525 Quare,
3543 1422 3839 1503 oratio-

437 1581 627 1637 nem
667 1614 696 1652 ,
759 1552 1179 1663 jejunium
1232 1608 1256 1653 ‚
1325 1570 1801 1661 ceterasque
1867 1541 2251 1651 Religiosi
2305 1545 2655 1628 instituti
2710 1538 3183 1653 disciplinas
3216 1552 3253 1644 ‚'
3307 1537 3583 1655 quoad
3652 1536 3836 1626 fieri

436 1673 742 1785 poterit
789 1733 812 1776 ‚
883 1700 1046 1753 non
1101 1696 1336 1751 secus
1384 1664 1980 1784 atqueseliqui
2033 1662 2422 1748 Monachi
2465 1725 2488 1765 ‚
2557 1663 2828 1749 colere
2899 1661 3292 1769 debebit'3
3360 1659 3839 1746 Saeculares

298 1841 304 1849 ·
437 1821 699 1896 vern,
765 1791 1270 1906 quibuscum
1348 1805 1940 1889 conversatur,
2008 1784 2317 1890 verb0‚
2400 1807 2484 1869 et
2535 1783 2907 1899 exemplo
2960 1778 3395 1868 aedificare
3462 1777 3835 1866 studeat.

438 1909 689 1996 XIII.
727 1913 960 1996 Sicut
995 1905 1101 1993 ad
1150 1907 1521 1992 Abbates
1570 1904 2258 1990 Monasteriorum
2295 1908 2655 2017 pertinet
2706 1937 2830 1990 res
2885 1902 3371 2016 temporales
3418 1902 3574 1986 sibi
3620 1933 3842 1987 eom-

448 2033 729 2118 missas
776 2063 927 2146 per
994 2027 1585 2113 Oeconomum
1655 2055 1996 2135 curare3
2048 2026 2154 2110 ita
2209 2027 2511 2139 poterit
2564 2025 2846 2110 Abbas
2909 2023 3389 2127 Generalis,
3455 2024 3519 2106 si
3573 2022 3660 2108 id
3712 2054 3843 2109 ex-

447 2150 735 2264 pedire
803 2151 1286 2261 cognoverit
1334 2212 1359 2255 ‚
1424 2148 1922 2234 constituere
1974 2145 2557 2232 Oeconomum
2627 2145 3119 2232 Generalem
3162 2208 3187 2246 ,
3271 2145 3415 2259 qui
3469 2143 3708 2230 illum
3758 2146 3842 2230 in

448 2269 1033 2363 conservandis
1083 2271 1328 2358 bonis
1380 2267 1972 2383 temporalibus
2023 2270 2275 2352 toti‘us
2329 2266 2680 2352 Ordinis
2736 2270 3202 2382 opportune
3237 2263 3600 2377 adjuvet.
3720 2276 3727 2285 '

1825 2509 1896 2593 C
1964 2509 2033 2591 A
2105 2506 2193 2589 P.
2313 2504 2466 2591 IX.

1717 2749 1856 2833 De
1924 2745 2585 2833 Consultoribus.

578 2996 642 3079 1.
732 2995 1014 3082 Abbas
1064 3025 1252 3080 suos
1318 2990 1619 3079 habeat
1669 2987 2204 3076 Consultores
2229 3034 2268 3091 ,·
2324 3013 2490 3075 tres
2557 2988 2842 3090 saltem
2905 2986 3359 3077 Monachus
3406 3020 3642 3076 senes
3692 3054 3717 3094 ,
3770 3012 3851 3076 et

457 3118 542 3201 in
598 3117 970 3227 religiosa
1024 3111 1530 3231 perfectione
1594 3112 2101 3213 exercitatos,
2166 3140 2522 3224 quorum
2603 3109 2972 3213 consilio,
3039 3133 3123 3196 et
3175 3111 3570 3198 relatione
3618 3109 3853 3225 adju·

460 3260 649 3343 tus,
718 3237 1011 3323 melius
1062 3259 1148 3321 et
1208 3232 1529 3319 facilius
1611 3232 2074 3342 gubernare
2145 3235 2419 3343 possit.
2487 3231 2596 3317 II.
2679 3229 2854 3338 Qui
2936 3229 3132 3316 huic
3199 3233 3528 3318 muneri
3594 3229 3854 3345 depu-

457 3358 861 3443 tabuntur
897 3419 922 3463 ,
984 3359 1148 3440 sint
1198 3376 1597 3439 amatores
1657 3352 1862 3436 boni
1913 3354 2377 3437 communis
2416 3416 2442 3458 ,
2508 3348 2894 3468 illudque
2946 3353 3027 3436 in
3085 3353 3477 3439 omnibus
3527 3353 3853 3439 consul-

461 3480 917 3563 tationibus
977 3506 1173 3590 prae
1244 3476 1506 3560 oculis
1572 3470 1958 3559 habeant.
2030 3470 2179 3555 III.
2262 3471 2481 3557 Cum
2554 3472 2843 3559 Abbas
2917 3473 3080 3558 illis
3158 3472 3459 3559 auditis
3538 3471 3855 3591 aliquid

461 3602 837 3685 statuerit
885 3660 911 3704 ‚
977 3595 1387 3710 judicium
1456 3624 1701 3679 suum
1755 3593 1976 3677 illius
2024 3590 2340 3704 judicio
2389 3595 2883 3679 submittent
2935 3657 2960 3699 ,
3031 3625 3304 3712 neque
3356 3604 3576 3680 extra
3658 3625 3855 3680 con·

463 3720 991 3806 sultationem
1035 3780 1061 3824 ‚
1110 3739 1255 3802 aut
1303 3712 1509 3834 quid
1561 3736 1961 3799 statutum
2013 3709 2263 3798 suerit
2313 3777 2338 3819 ,
2404 3715 2562 3800 sibi
2624 3713 3060 3826 displicere
3097 3778 3126 3817 ‚
3186 3735 3332 3799 aut
3395 3743 3480 3799 se
3549 3716 3632 3799 in
3701 3715 3857 3800 alia

459 3835 712 3926 fuisse
793 3840 1199 3925 sententia
1283 3833 1936 3948 significabunt:
2017 3830 2168 3918 sed
2232 3832 2575 3922 laudent
2641 3837 2912 3950 potius
2987 3834 3335 3922 Abbatis
3420 3838 3870 3921 consilium*

463 3958 688 4069 apud
765 3961 1030 4059 alios,
1081 3981 1332 4076 atque
1407 3978 1822 4043 tueantur.
1895 3950 2150 4062 Quod
2200 3956 2268 4037 si
2330 3955 2440 4041 ob
2520 3960 2634 4043 rei
2699 3957 3186 4068 gravitatem
3265 3952 3371 4041 ad
3437 3953 3857 4043 Abbatem

468 4074 968 4163 Generalem
1034 4073 1122 4159 id
1200 4109 1372 4165 esse
1455 4073 2001 4164 deserendum
2063 4072 2534 4189 judicarent
2579 4138 2605 4182 ‚
2689 4108 2778 4163 re
2828 4098 3148 4161 mature
3198 4073 3708 4162 considerata
3777 4102 3862 4162 et

468 4199 840 4283 oratione
890 4198 1324 4310 praemissa
1375 4192 1706 4282 saciant.
1762 4195 1907 4279 lV.
1951 4196 2035 4279 Si
2087 4192 2292 4312 quid
2354 4218 2632 4282 tamen
2688 4200 2770 4280 in
2827 4218 3190 4281 mentem
3246 4199 3589 4301 venerit,
3629 4194 3859 4314 quod

469 4315 573 4401 ad
629 4347 1075 4403 commune
1124 4317 1443 4404 bonum
1481 4379 1506 4421 ,
1557 4316 1694 4402 vel
1741 4315 2093 4429 alicujus
2145 4346 2537 4427 personae
2599 4316 3111 4430 particularis
3176 4317 3612 4404 utilitatem
3683 4349 3861 4430 per·

467 4439 781 4544 tinem,
837 4459 1224 4551 poterunt
1273 4435 1361 4522 id
1413 4437 1726 4522 Abbati
1777 4466 2261 4550 proponere.
2330 4436 2434 4521 V.
2503 4437 2587 4521 Si
2651 4434 2856 4557 quid
2920 4438 3136 4522 circa
3184 4439 3498 4523 victum
3534 4501 3558 4543 ‚
3614 4442 3861 4524 vesti·

469 4583 648 4644 tum
687 4622 716 4663 ,
783 4557 1099 4644 labores
1131 4621 1160 4662 ,
1223 4582 1305 4645 et
1353 4558 1932 4673 occupationes
1986 4556 2587 4645 Monachorum
2619 4622 2647 4661 ‚
2700 4581 2845 4643 aut
2906 4559 3120 4644 circa
3171 4557 3879 4669 gubernationem

469 4680 821 4766 Abbatis
901 4666 1505 4765 m'oderandum
1562 4743 1591 4783 ,
1677 4675 2149 4788 augendum
2197 4739 2222 4783 ‚
2290 4680 2420 4764 vel
2502 4675 3007 4765 mutandum
3062 4703 3564 4787 censerent,
3620 4682 3859 4766 illum

475 4803 913 4910 praemissa
966 4802 1337 4888 oratione
1412 4795 2034 4885 admonendum
2104 4823 2474 4908 curent3
2539 4797 2767 4918 quod
2839 4831 2988 4914 per
3059 4796 3694 4888 Admonitorem
3749 4801 3867 4885 sa-

474 4920 721 5003 ciant.
787 4919 936 5002 Vl.
1005 4921 1087 5004 Si
1142 4926 1327 5037 quis
1397 4951 1590 5006 eum
1661 4923 1778 5007 eis
1854 4915 1962 5004 de
2009 4914 2508 5006 difficultate
2560 4923 2832 5039 aliqua
2885 4952 3058 5023 sua,
3124 4945 3271 5006 aut
3320 4922 3866 5035 perturbatio·

475 5070 580 5122 ne
633 5052 818 5150 agat
853 5101 876 5144 ‚
945 5040 1056 5125 ita
1106 5071 1299 5126 eum
1352 5044 1519 5125 suis
1571 5043 1930 5145 monitis,
1971 5063 2053 5126 et
2105 5042 2448 5126 consilio
2497 5045 2786 5154 juvare
2853 5039 3297 5145 studeant,
3367 5065 3461 5127 ut
3506 5073 3861 5157 semper,

476 5183 884 5277 quantum
937 5163 1277 5273 possint,
1329 5163 2014 5246 exiistimationem
2071 5160 2427 5247 Abbatis
2482 5186 2895 5248 tueantur.
2947 5160 3141 5245 VII.
3203 5160 3634 5279 Ita-suum
3689 5196 3870 5249 mu-

371 5336 378 5344 ·
478 5312 637 5365 nus
698 5307 1214 5398 exequantur
1263 5344 1289 5388 ‚
1366 5288 1461 5366 fit
1511 5281 1826 5367 nullam
1890 5282 2512 5392 gubernationis
2564 5307 2877 5395 partem
2930 5283 3087 5367 sibi
3163 5304 3648 5369 assumant:
3722 5290 3871 5368 At-

481 5416 647 5516 qne
697 5431 789 5487 ea
840 5401 1386 5490 submissione
1435 5433 1520 5488 se
1569 5424 1859 5512 gerant
1906 5463 1932 5507 ‚
2001 5424 2093 5486 ut
2143 5406 2435 5489 ceteris
2497 5401 3021 5491 obedientiae
3103 5404 3573 5514 exemplum
3641 5439 3872 5521 prac-

480 5522 756 5609 beant.
823 5519 1059 5605 VIII.
1128 5523 1447 5635 Singuli
1502 5520 2040 5610 Consultores
2088 5522 2216 5608 his
2269 5530 2354 5609 in
2409 5556 2630 5611 anno
2680 5521 2782 5609 ad
2837 5523 3256 5610 Abbatem
3308 5522 3801 5614 Generalem
3846 5595 3870 5637 ‚

480 5667 623 5730 aut
673 5643 1160 5853 PJ’vinJiJae
1210 5641 1317 5732 de
1365 5667 1585 5765 statu
1639 5643 2112 5733 Monasterii
2164 5708 2192 5755 ‚
2256 5668 2341 5735 et
2387 5648 2454 5732 si
2505 5644 2715 5765 quid
2765 5669 2976 5852 εἶξα
3042 5644 3621 5758 corrigendum
3654 5715 3679 5760 ,
3734 5678 3876 5740 aut

810 5795 973 5849 om.
1077 5828 1097 5848 .
2926 5800 2984 5883 Y

2867 6156 2895 6287 Χ
