4834 6409
1027 621 1269 711 ‘ta·re‚
1320 610 1408 683 et'
1471 597 1820 682 maxime
1869 600 1934 682 si
1989 598 2214 684 nulla
2251 600 2357 685 sit
2407 626 2593 715 spes
2656 601 2995 710 salutis,
3034 596 3322 689 Abbas
3372 599 3702 688 duobus
3734 667 3765 706 ,
3816 625 3960 690 aut
4008 602 4274 689 tribus
4320 604 4443 693 te*-

1036 708 1326 802 ·stibus
1374 715 1806 803 Monachis
1858 724 2131 804 omnia
2203 720 2950 837 illlus'r'epositoria
2990 728 3276 810 *visitet
3325 787 3349 830 ,
3413 732 3498 811 e't
3570 721 4245 810 faciatdebitum
4315 723 4446 810 in'·

995 896 1004 903 -
1060 832 1561 925 ventariu'm.
1629 837 2368 954 Sique-necessitas
2405 844 2971 958 postulaverit,
3023 849 3204 960 ejus
3255 847 3805 930 ministerium
3857 843 4090 931 alteri
4151 839 4446 949 tradat,

1029 955 1329 1044 ‘donec
1381 956 1756 1044 infirmus
1803 963 2389 1075 ’'convalescat,
2464 963 2599 1048 vel
2647 968 3066 1050 moriatur.
3123 963 3356 1051 Idem
3410 964 3526 1051 de·
3570 966 3901 1073 Abbate
3940 960 4270 1050 infirmo
4321 963 4446 1051 di·

1057 1077 1478 1185 cendum,
1531 1083 1716 1163 sive·
1768 1078 2049 1166 Abbas
2099 1082 2580 1169 Monasterii
2634 1088 2735 1170 sit
2784 1149 2814 1187 ,
2866 1087 3039 1170 sive
3088 1085 3637 1197 Hegumenus
3671 1148 3695 1188 ‚
3750 1088 3921 1173 sive
3969 1089 4219 1173 etiam
4274 1086 4450 1170 Ab·

1052 1197 1201 1283 bas
1253 1193 2388 1320 Generalis.·Quaecumque'
2432 1227 2710 1289 autem
2763 1207 2847 1289 in
2901 1205 3107 1291 ceila
3172 1205 3561 1292 Monachi
3633 1229 3816 1322 post
3882 1209 4061 1321 ejus
4123 1206 4448 1293 obitum
4512 1214 4527 1227 '

1057 1339 1378 1432 reperta
1429 1316 1740 1406 suerint
1773 1386 1817 1430 ,ι
1869 1323 2370 1408 Monasterio
2420 1325 2957 1438 applicentur.
3041 1326 3145 1408 ΙΙ.
3203 1325 3578 1437 Diligens
3645 1357 3843 1412 cura
3923 1324 4450 1417 infirmorum

1056 1437 1464 1525 habeatur
1516 1432 1558 1547 ,'
1642 1445 1926 1560 eisque
2006 1442 2475 1528 secundum
2557 1442 3054 1530 infirmitatis
3118 1443 3657 1558 indigentiam
3716 1510 3740 1555 ,
3827 1471 3910 1533 et
3983 1446 4452 1534 secundum

1055 1558 1583 1645 Medicorum
1664 1563 2097 1648 consilium
2179 1561 2714 1675 provideatur
2767 1563 2871 1651 de
2939 1567 3327 1651 omnibus
3402 1570 3903 1655 necessariis,
3954 1566 4447 1687 Et‘aliquis

1057 1679 1515 1790 Religiosus
1566 1746 1589 1788 ,
1666 1715 1759 1768 ac
1838 1687 2021 1796 pius
2084 1683 2548 1769 Monachus
2632 1718 2793 1770 non
2871 1683 3211 1772 aliunde
3281 1711 3732 1801 occupatus
3811 1690 3927 1773 eis
3990 1692 4451 1802 specialiter

1059 1804 1571 1911 assignetur,
1625 1806 1769 1921 qui
1821 1806 2082 1908 sciat',
2149 1809 2427 1918 possit,
2496 1831 2575 1891 et
2627 1803 2926 1892 debeat
2976 1810 3462 1893 ministrare.
3530 1806 3926 1924 Cumque
3988 1807 4231 1895 horas
4294 1809 4452 1931 Ca·

1061 1923 1401 2007 nonicas
1451 1932 1759 2033 gravati
1831 1923 2124 2008 morbo
2176 1956 2324 2038 per
2371 1957 2458 2010 se
2510 1928 2723 2039 ipsos
2776 1931 3114 2013 recitare
3165 1958 3330 2012 non
3382 1929 3741 2041 possint,
3784 1951 3988 2012 tunc
4019 1992 4042 2035 ,
4100 1933 4163 2015 si
4215 1934 4456 2017 susti·

1061 2070 1260 2126 nere
1310 2067 1712 2154 possunt,
1767 2039 2154 2130 dicantur
2213 2077 2492 2131 coram
2549 2051 2662 2132 eis
2714 2048 2819 2131 ab
2870 2049 3162 2166 aliquo.
3251 2047 3403 2130 111.
3464 2047 3558 2132 ln
3615 2047 3991 2169 quolibet
4041 2049 4456 2149 Monaste-

993 2186 1000 2207 ·
1069 2165 1222 2264 ri0,
1274 2164 1425 2248 ubi
1477 2162 1913 2250 commode
1964 2163 2141 2249 fieri
2196 2171 2520 2278 poterit,
2561 2192 3029 2279 segregetur
3085 2170 3310 2254 locus
3360 2199 3510 2281 pro
3560 2167 3934 2276 infirmis,
3974 2171 4220 2255 etiam
4257 2202 4449 2256 cum

1053 2281 1438 2368 Oratorio
1471 2347 1495 2390 ,
1555 2287 1702 2370 ubi
1767 2286 2110 2395 singulis
2173 2285 2471 2372 diebus
2523 2288 2766 2374 Missa
2822 2289 3309 2395 celebretur,
3343 2292 3408 2374 si
3459 2291 3645 2407 quis
3693 2292 3799 2373 sit
3845 2286 4250 2397 infirmus,
4306 2296 4454 2410 qui

1061 2431 1245 2488 eam
1297 2403 1584 2491 audire
1630 2408 1904 2522 possit.
1963 2405 2106 2489 IV.
2167 2405 2374 2492 Item
2432 2411 2515 2492 in
2572 2409 2946 2495 Ecclesia
3001 2410 3479 2494 Monasterii
3545 2407 4001 2514 decenter,
4064 2410 4457 2497 ethone-

1059 2545 1182 2610 ste
1234 2551 1769 2613 conservetur
1831 2550 2341 2613 sacrosancta
2394 2526 2916 2615 Eucharistia
2986 2560 3135 2644 pro
3197 2526 3629 2615 Monachis
3665 2591 3689 2634 ,
3758 2553 3840 2616 et
3906 2526 4452 2618 familiaribus

1065 2649 1390 2750 nostris,
1441 2649 1525 2731 in
1582 2678 1773 2733 casu
1842 2651 2336 2733 necessitatis
2387 2653 2502 2734 eis
2553 2649 3065 2762 porrigenda.
3126 2649 3224 2732 V.
3283 2649 3495 2734 Item
3549 2648 3764 2735 Oleo
3816 2647 4265 2737 benedicto
4311 2655 4453 2736 in-
4505 2737 4509 2741 ,

1062 2761 1397 2851 firmum
1452 2791 1708 2878 ungat
1757 2767 2074 2874 Abbas,
2144 2766 2294 2854 vel·
2332 2772 2513 2884 ejus
2562 2769 2968 2875 vicarius,
3021 2773 3245 2886 juxta
3301 2768 3584 2853 Ritum
3644 2770 3940 2856 Sacrae
3980 2768 4449 2889 Lampadis,

1003 2887 1239 2973 xsive
1313 2887 1754 2973 Extremae
1832 2888 2328 2973 Unctionis:
2398 2912 2482 2975 et
2546 2889 3006 2975 habeantur
3084 2891 3169 2973 in
3251 2890 3628 3009 quolibet
3683 2889 4184 2978 Monasterio
4263 2893 4452 2976 libri

1029 3003 1486 3113 ‘Rituale3,
1557 3032 1718 3092 tam
1785 3040 1932 3123 pro
1999 3008 3361 3117 Eucharistiae·administratione
3411 3073 3437 3117 ,
3512 3041 3765 3127 quam
3844 3041 3992 3124 pro
4061 3011 4453 3101 Extrema

1065 3125 1550 3232 Unctione,
1618 3150 1702 3212 et
1764 3158 1913 3241 pro
1990 3127 2711 3217 commendatione
2777 3133 3131 3216 Animae
3180 3194 3204 3238 ,
3285 3154 3368 3216 et
3425 3131 3836 3249 Exequiis.
3919 3130 4067 3215 VI.
4148 3130 4453 3224 Nullus

1065 3244 1530 3343 Monachus
1582 3251 2103 3363 permittatur
2154 3253 2274 3333 uti
2326 3252 2671 3337 scientia
2748 3249 3222 3338 Medicinae
3275 3275 3443 3337 tam
3492 3281 3646 3365 pro
3694 3249 4163 3357 Monachis‚
4200 3284 4455 3372 quam

1066 3390 1219 3477 pro
1281 3367 1877 3474 saecularibus,
1934 3372 2085 3452 nisi
2140 3368 2833 3484 dispensationem
2905 3404 2945 3457 a
3001 3373 3386 3481 legitimis
3439 3371 4023 3485 Superioribus
4073 3372 4372 3461 habeat
4425 3436 4450 3480 ,

1069 3482 1324 3603 idque
1351 3489 1525 3571 sine
1562 3490 1957 3600 periculo,
1997 3511 2079 3575 et
2107 3493 2283 3576 sine
2325 3489 2732 3597 mercede,
2787 3491 2929 3576 sed
2966 3525 3064 3579 ex
3100 3493 3266 3578 sola
3308 3492 3704 3578 charitate
3752 3488 4228 3578 faciat.VII.
4272 3496 4450 3580 Ab·

1063 3605 1210 3690 bas
1272 3606 1746 3693 Monasterii
1801 3609 2122 3694 obitum
2176 3615 2582 3729 cujusque
2631 3612 3023 3698 Monachi
3078 3616 3160 3697 in
3215 3643 3366 3697 suo
3414 3613 3918 3697 Monasterio
3974 3611 4454 3701 decedentis

1065 3727 1242 3813 sine
1292 3722 1684 3815 dilatione
1740 3728 2044 3814 Abbati
2109 3731 2527 3839 Generali,
2580 3756 2664 3819 et
2725 3732 3194 3819 Abbatibus
3244 3756 3705 3820 ceterorum
3756 3731 4452 3821 Monasteriorum

1067 3843 1522 3933 denunciet
1579 3879 1725 3960 per
1799 3852 2224 3963 epistolam
2304 3855 2809 3966 encyclicam
2863 3917 2886 3958 ‚
2955 3877 3051 3940 ut
3120 3884 3267 3966 pro
3332 3874 3660 3939 mortuo
3722 3850 3928 3938 fiant
3989 3852 4449 3967 suffragia3

1065 3995 1363 4082 nempe
1413 3971 1496 4052 in
1549 3968 2052 4057 Monasterio
2087 4034 2110 4079 ,
2162 3976 2245 4057 in
2324 4003 2493 4091 quo
2560 3973 3024 4060 Monachus
3075 3976 3375 4059 obierit
3414 4038 3444 4077 ,
3511 3971 3715 4058 fiant
3773 3976 4163 4092 exequiae
4225 4007 4458 4063 more

1066 4089 1358 4193 solito,
1414 4112 1496 4174 et
1555 4088 1802 4176 Missa
1867 4093 2314 4198 solemnis,
2380 4117 2465 4179 et
2541 4098 3116 4213 unusquisque
3195 4091 3592 4180 Sacerdos
3656 4093 3879 4179 dicat
3951 4118 4080 4180 ter
4145 4096 4455 4182 Psalte·

1070 4209 1288 4293 rium
1339 4207 2548 4320 OrationumffDominicarum,
2602 4237 2685 4300 et
2724 4216 3327 4300 Salutationum
3383 4214 4025 4326 Angelicarum3
4080 4219 4275 4301 item
4329 4215 4453 4301 di·

1072 4350 1305 4413 catur
1354 4361 1502 4443 pro
1552 4360 1650 4414 eo
1700 4331 1946 4418 Missa
2016 4335 2405 4419 solemnis
2455 4337 2538 4418 in
2591 4333 2726 4419 die
2791 4334 3423 4454 quadragesimo
3476 4336 3752 4421 obitus
3805 4398 3830 4442 ,
3886 4360 3970 4421 et
4010 4327 4113 4420 ‘in
4186 4339 4454 4422 Anni-

993 4518 998 4523 .
1065 4451 1443 4533 versario.
1504 4448 1594 4533 In
1653 4452 1989 4569 reliquis
2038 4485 2238 4540 vero
2299 4454 2820 4540 Monasteriis
2872 4488 3035 4541 una
3088 4456 3334 4541 Missa
3405 4453 3727 4541 dicatur
3777 4492 3821 4543 a
3876 4455 4257 4575 quolibet
4312 4460 4451 4543 Sa·
4536 4483 4547 4491 ·

1069 4565 1453 4675 cerdote,
1519 4591 1601 4653 et
1654 4603 1912 4657 unum
1969 4568 2458 4662 Psalterium
2506 4573 3031 4679 ‘Orationum
3102 4576 3731 4661 Dominicarum
3783 4641 3805 4683 ,
3861 4600 3945 4662 et
4013 4576 4453 4662 Salutatio-

1068 4718 1269 4770 num
1325 4690 1907 4799 Angelicarum
1961 4727 2001 4779 a
2059 4725 2221 4779 non
2282 4692 2742 4780 Sacerdote.
2804 4696 2965 4781 Pro
3018 4697 3349 4781 Abbate
3401 4727 3596 4781 vero
3633 4696 4049 4802 Generali‚
4106 4721 4194 4782 et
4241 4731 4453 4783 uno-

1063 4834 1401 4925 quoque
1451 4842 1544 4894 ex
1594 4834 1949 4927 quatuor
2000 4814 2511 4927 Hegumenis
2564 4813 2783 4900 idem
2838 4814 2981 4901 fiat
3019 4818 3125 4900 'in
3212 4839 3382 4900 toto
3438 4813 3818 4924 Ordine,
3887 4814 4112 4934 quod
4181 4813 4273 4903 fit
4347 4822 4435 4920 in
4546 4842 4553 4851 ‘

1063 4926 1597 5034 Monasterii),
1651 4934 1730 5016 in
1783 4958 1954 5051 quo
2008 4933 2468 5020 Monachus
2516 4939 2906 5043 moritur,
2963 4936 3235 5054 idque·
3269 4935 3905 5047 intelligendum
3960 4962 4080 5023 est
4128 4936 4234 5024 de
4288 4940 4453 5026 illis
4558 4942 4567 4953 ’

1066 5050 1337 5156 etiam,
1394 5055 1537 5167 qui
1576 5053 2023 5172 aliquando
2071 5082 2422 5141 munere
2479 5050 2824 5141 Abbatis
2875 5055 3330 5164 Generalis,
3388 5081 3470 5144 et
3520 5056 4204 5166 Hcgumenorum
4262 5057 4452 5144 sun-

1068 5170 1175 5252 cti
1215 5195 1447 5275 sunt,
1486 5175 1798 5258 etiamsi
1852 5176 2050 5262 tales
2105 5204 2264 5261 non
2323 5172 2670 5283 fuerint,
2726 5204 2914 5262 cum
2967 5182 3280 5263 mortui·
3326 5196 3542 5264 sunt.
3598 5178 3852 5265 Hunc
3903 5202 4181 5264 autem
4210 5180 4446 5275 ‚Mis-
4552 5285 4578 5295 θ

1039 5308 1365 5395 sarum,
1421 5312 1502 5377 et
1537 5292 2034 5380 Orationum
2085 5324 2557 5400 numerum,
2600 5322 2848 5413 quem
2898 5318 3143 5412 supra
3182 5302 3748 5410 expressimus,
3789 5329 4119 5407 augere,
4157 5300 4289 5386 vei
4327 5297 4450 5383 di-

1059 5410 1419 5497 minuire
1443 5416 1746 5524 poterit
1771 5412 2331 5529 Congregawtio
2361 5416 2790 5502 Generalis
2829 5446 2977 5529 pro
3015 5423 3298 5531 majori
3329 5421 3462 5507 vel
3497 5422 3794 5505 minori
3838 5418 4447 5504 Monachorum

1061 5558 1430 5619 numero.
1481 5534 1717 5621 VIII.
1756 5533 2064 5622 Audita
2099 5558 2364 5624 morte
2418 5538 2736 5622 Summi
2794 5532 3821 5643 Romani·Pontificis,·vel
3877 5537 4441 5626 Reverendiss.

1045 5648 1388 5742 Domini
1441 5652 1961 5744 patriarchae
2015 5663 2328 5769 nostri,
2381 5654 2589 5744 fiant
2643 5659 3068 5778 Exequiae
3119 5661 3523 5748 solemnes
3596 5662 3680 5745 in
3731 5658 4445 5771 singulis'Mona·-
