4834 6409
553 590 867 707 Elapso
938 588 1445 703 probationis
1505 606 1875 703 tempore
1948 580 2035 673 in'
2134 584 2550 675 Alumno's
2626 586 3072 705 cooptandi
3143 574 3295 700 per
3360 492 3815 700 spirimzffi

436 716 817 804 exercitia
868 708 978 797 de
1035 714 1506 826 juramento
1553 705 2045 822 praestando
2078 741 2141 825 ⁴a
2191 708 2624 797 Praefecto
2687 713 3018 824 spiritus
3070 705 3349 797 triduo
3400 708 3815 811 instruan-

436 858 618 943 tur,
684 832 993 956 quibus
1070 829 1524 933 absolutis,
1591 832 2154 943 juramentum
2238 830 2344 915 ab
2402 830 2872 917 Alexandro
2945 824 3813 949 V11.⁷praescriptum

437 986 714 1042 coram
768 953 1011 1040 Patre
1084 950 1435 1036 Rectore
1507 973 1919 1065 praestent
1992 948 2594 1036 subscribendo
2669 955 3018 1038 ulterius
3091 950 3535 1038 formulam
3583 979 3817 1064 prae-

440 1074 657 1162 dicti·
705 1075 1205 1190 juramenti,
1271 1075 1511 1185 cujus
1561 1072 1971 1189 exemplat·
2024 1073 2105 1157 S.
2163 1070 2806 1184 Congregationi
2859 1071 2964 1160 de
3016 1066 3564 1190 Propaganda-
3602 1066 3814 1156 Fide

439 1191 940 1285 servandum
998 1189 1395 1279 tradatur.
3083 1236 3088 1245 .

1161 1433 1299 1516 De
1354 1426 1921 1518 Alumnorum
1956 1476 1963 1485 ·
1997 1430 2483 1516 dimissione
2518 1496 2543 1540 ,
2621 1451 2702 1518 et
2761 1439 3093 1521 viatico.

564 1674 632 1775 S.
696 1707 830 1760 22.
900 1673 1298 1778 Alumni,
1352 1673 1500 1789 qui
1552 1667 2014 1757 studiorum
2065 1697 2397 1759 cursum
2452 1676 3133 1790 compleverunt,
3182 1699 3264 1764 et
3315 1671 3419 1761 ad
3473 1674 3816 1760 Sacrum

446 1797 1071 1909 Presbyteratus
1125 1791 1531 1876 Ordinem
1588 1788 1927 1877 fuerunt
1995 1798 2314 1898 evecti,
2370 1797 2843 1913 priusquam
2916 1795 3016 1882 ad
3095 1797 3442 1908 Angliae
3504 1794 3823 1880 Missio·

446 1948 645 2003 nem
699 1913 1290 2028 expediantur,
1363 1910 1773 2024 deputatis
1848 1913 2594 2020 Examinatoribus,
2629 1919 2734 2002 ab
2786 1918 3466 2004 Eminenti'ssimo
3532 1913 3823 2001 Prote-

451 2063 682 2124 ctore
734 2065 1007 2121 coram
1062 2034 1154 2115 P.
1211 2032 1557 2118 Rectore
1608 2028 1984 2142 diligenti
2032 2034 2582 2149 subijciantur
2628 2043 3033 2145 examini,
3089 2063 3174 2125 et
3224 2035 3500 2121 idonei
3552 2066 3824 2153 repet-7

450 2162 513 2241 ti
610 2153 714 2241 ad
810 2155 1304 2238 Missionarii
1387 2184 1691 2236 munus
1768 2153 2301 2240 subeundum
2355 2217 2378 2259 ,
2483 2157 2734 2243 literis
2817 2156 3534 2246 Commendatitiis
3619 2156 3820 2244 dicti

447 2275 1105 2361 Eminentissimi
1174 2274 1666 2359 Protectoris
1720 2270 1824 2356 ad
1872 2275 2242 2361 Vicarios
2293 2276 2809 2391 Apostolicos
2858 2275 3186 2364 directis
3220 2344 3249 2385 ,
3289 2283 3821 2386 muniantur,

386 2479 390 2487 .
454 2420 701 2512 atque
757 2399 839 2479 in
893 2395 1280 2504 Angliam
1334 2390 1761 2503 designato
1811 2398 2162 2500 itinere,
2231 2428 2553 2483 necnon
2608 2401 2879 2487 soluto
2940 2399 3276 2515 arbitrio
3324 2399 3826 2485 Eminentis-

472 2521 654 2601 simi
708 2515 1204 2630 Protectoris
1288 2515 1589 2599 viatico
1640 2537 2064 2598 scutorum
2116 2515 2653 2632 quadraginta
2707 2521 3165 2604 mittantur.
3589 2544 3593 2549 '

585 2635 958 2721 Caveant
1021 2634 1363 2718 Alumni
1419 2637 1528 2716 ita
1594 2630 1966 2740 dimissi,
2035 2658 2121 2720 et
2169 2638 2556 2747 Angliam
2640 2638 3147 2753 profecturi,
3215 2671 3320 2727 ne
3372 2645 3455 2725 in
3524 2660 3829 2726 exteras

456 2779 756 2867 vagent
808 2757 1177 2865 regiones
1209 2815 1232 2858 ‚
1296 2755 1743 2868 minusque
1810 2786 1850 2837 a
1905 2760 2167 2866 jurata
2219 2760 2651 2843 vocatione
2703 2764 2994 2877 quovis
3045 2783 3464 2875 praetextu
3504 2806 3536 2864 ,·
3584 2761 3829 2844 etiam

454 2879 814 2961 melioris
865 2877 1064 2960 boni
1120 2869 1598 2958 deflectant.
1672 2873 2198 2990 Quapropter
2250 2901 2475 2964 recto
2526 2884 2847 2965 tramite
2897 2903 2978 2966 et
3028 2878 3402 2996 expedite
3453 2878 3557 2966 ad
3610 2910 3832 2964 exer·

460 2994 809 3081 cendam
861 2996 1336 3079 Missionem
1390 3020 1475 3077 se
1538 2992 2015 3099 conferant,⁴
2058 2997 2567 3118 Vicariisque
2621 3002 3112 3113 Apostolicis
3159 3034 3241 3086 se
3294 3006 3641 3105 sistant,
3696 3028 3834 3084 eo·

464 3148 645 3201 rum
717 3112 1124 3197 mandatis
1201 3114 1285 3197 in
1339 3115 1850 3225 Evangelico
1926 3116 2388 3204 Ministerio
2456 3144 2830 3206 accurate
2882 3120 3557 3234 obtemperando.

580 3234 800 3319 Cu'm
852 3264 1051 3320 vero
1127 3233 1512 3317 nonnulli
1585 3267 1679 3319 ex
1734 3236 2119 3321 Alumnis
2169 3240 2322 3323 sibi
2391 3243 2601 3327 male
2667 3240 3067 3327 suadeant
3155 3242 3565 3327 Missionis
3614 3245 3833 3355 jura·
3949 3250 4219 3319 Alumni

458 3380 742 3442 mento
791 3351 1248 3439 satisfacere
1286 3417 1309 3460 ‚
1365 3357 1429 3439 si
1483 3352 1703 3469 apud
1755 3356 2248 3443 Monialium
2306 3363 2838 3473 Anglicarum
2891 3362 3376 3450 Conventus
3415 3428 3437 3470 ,
3519 3384 3601 3449 et
3648 3361 3828 3444 Mo-
3856 3344 4026 3433 apud
4071 3345 4223 3451 ,ΜΨ

462 3480 810 3562 nasteria
865 3480 948 3558 in
1005 3473 1286 3583 Belgio
1338 3476 1757 3561 existentia
1812 3475 2277 3565 confessarii
2331 3513 2635 3567 munus
2700 3484 3209 3599 suscipiant:
3300 3509 3628 3575 maturo
3678 3480 3831 3569 hac
3855 3449 4126 3592 ἶῖἔῗῑῗ

460 3598 565 3683 de
621 3629 702 3682 re
752 3610 895 3709 per
951 3626 1097 3679 nos
1179 3594 1462 3680 habito
1513 3601 1885 3682 examine
1960 3603 2508 3686 necessarium
2597 3600 2987 3689 duximus
3040 3602 3454 3692 declarare
3489 3666 3513 3709 ,
3598 3600 3825 3719 quod
3855 3619 4013 3684 lium
4046 3619 4190 3683 An-

426 3749 652 3829 ·cum
710 3716 1058 3828 Collegii
1115 3717 1594 3801 Instituturn
1680 3718 2108 3805 consulere
2162 3722 2519 3808 voluerit
2580 3724 3111 3809 Missionibus
3190 3720 3673 3840 peragendis
3742 3726 3824 3808 in
3857 3711 4166 3818 glicarugn

461 3840 758 3949 Anglia
814 3837 1221 3923 haeretica
1305 3840 1705 3949 pravitate
1770 3839 2228 3947 laboranti‚'
2313 3840 2830 3957 praedictum
2905 3876 3210 3929 munus
3266 3868 3655 3964 tanquam
3743 3846 3825 3928 in
3857 3803 4174 3960 ἓξὲξ

464 3983 732 4043 extera
764 4021 788 4061 ,
842 3980 926 4042 et
986 3956 1415 4042 Catholica
1468 3962 1801 4067 regione
1860 3966 2308 4049 exercitum
2359 3998 2402 4049 a
2456 3989 2673 4050 recta
2727 3964 3075 4076 Collegii
3126 3967 3643 4051 institutione
3693 3961 3832 4049 de·
3856 3941 4223 4052 sagramen-

469 4079 742 4162 clinat.
815 4077 1161 4160 Vicariis
1211 4099 1484 4162 tamen
1538 4081 2030 4192 Apostolicis
2081 4083 2630 4203 relinquimus
2678 4083 3151 4170 facultatem
3203 4082 3558 4196 eligendi
3628 4084 3832 4168 Alu-
3858 4094 3923 4145 to
3957 4079 4223 4168 praesti-

466 4229 705 4282 mnos
758 4199 839 4278 in
895 4192 1452 4281 Confessarios
1517 4197 2122 4310 praedictorum
2204 4205 2798 4293 Conventuum
2836 4267 2860 4310 ,
2927 4227 3009 4291 et
3083 4186 4227 4328 Monasteriorum,{g’fffissff

470 4312 930 4402 dummodo
983 4317 1116 4399 alii
1185 4313 1576 4401 deficiant
1627 4315 1903 4403 idonei
1955 4321 2474 4436 Presbyteri,
2544 4328 2686 4442 qui
2754 4327 2891 4410 tali
2946 4357 3289 4415 munere
3338 4324 3835 4440 perfungan·
4190 4307 4207 4325 ⁶

470 4462 657 4545 tur,
727 4460 831 4555 et‘
886 4437 992 4521 de
1068 4434 1221 4519 hac
1278 4433 1677 4523 facultate
1724 4439 2116 4552 praedicti
2188 4447 2486 4571 Vicarii
2541 4447 2995 4560 Apostolici
3047 4451 3433 4534 certiores
3482 4445 3711 4533 fiant.

1499 4680 1635 4763 De
1719 4680 2290 4771 Alumnorum
2359 4687 2811 4771 Gubernio.

593 4932 661 5026 §-
724 4922 856 5001 23.
933 4925 1274 5010 Alumni
1341 4953 1626 5008 omnes
1690 4928 1771 5008 in
1840 4920 2043 5011 duas
2098 4957 2249 5041 pro
2320 4959 2546 5012 nnnc
2595 4928 3056 5041 partiantur
3122 4959 3533 5034 cameras,
3584 4951 3667 5014 et
3717 4957 3845 5012 ea-

477 5071 661 5123 rum
726 5041 1071 5127 cuilibet
1131 5048 1432 5160 praesit
1480 5044 1876 5129 Sacerdos
1938 5050 2370 5133 saecularis
2406 5104 2431 5153 ‚
2501 5051 2646 5165 qni
2697 5071 3091 5163 tanquam
3166 5048 3637 5135 Praefectus
3689 5045 3848 5131 Ca-

471 5176 743 5245 merae
821 5164 1047 5270 vigili
1102 5197 1293 5249 cura
1344 5225 1367 5268 ‚
1435 5187 1515 5248 et
1574 5165 2009 5276 prudentia
2094 5199 2269 5254 eam
2342 5166 2816 5254 moderetur
2865 5230 2888 5272 ,
2943 5200 3098 5255 nec
3146 5172 3358 5257 sinat
3421 5164 3846 5285 quidpiam

472 5285 750 5366 minus
809 5279 1223 5390 modeste,
1291 5307 1372 5370 et
1421 5286 1552 5396 pie
1604 5280 1971 5372 redolere
2006 5352 2030 5395 ,
2088 5315 2175 5374 et
2221 5294 2285 5373 si
2328 5286 2543 5408 qnid
2607 5287 3187 5399 corrigendum
3238 5287 3564 5376 duxerit
3599 5351 3623 5394 ,
3678 5319 3849 5373 om-

478 5409 609 5488 nia
667 5404 981 5487 sincere
1018 5467 1042 5511 ,
1110 5428 1190 5490 et
1241 5402 1596 5490 fideliter
1647 5402 1972 5492 Rectori
2013 5473 2036 5517 ‚
2104 5434 2187 5496 et
2234 5411 2614 5497 Ministro
2667 5407 3118 5525 patefaciat.

604 5525 829 5607 Inter
883 5548 1318 5644 utramque
1370 5524 1857 5632 Camerarn‚
1930 5533 2223 5645 quovis
2292 5555 2657 5646 tempore
2719 5534 2963 5617 etiarn
3048 5532 3548 5618 autumnalis
3612 5532 3848 5615 rusti-

478 5647 818 5730 cationis
853 5707 878 5750 ,
941 5647 1265 5732 nullum
1304 5649 1621 5735 intersit
1673 5653 2254 5737 commercium
2289 5715 2313 5758 ‚
2369 5650 2596 5769 quod
2657 5655 2722 5738 si
2787 5653 3209 5739 Alumnus
3259 5652 3653 5741 Gamerae
3705 5654 3850 5738 ali-

2775 5774 3037 5887 sz
