4834 6409
1052 424 1436 661 ieffipore
1510 539 2223 641 Radtstadiensem
2296 540 2912 632 Praefecturam
2977 539 3254 657 egredi
3319 573 3489 631 non
3544 560 3960 658 poterunt,
4013 569 4061 664 g
4115 532 4451 642 Nobis,-

1059 668 1199 756 vel
1297 666 1928 753 Successoribus
2003 666 2301 751 nostris
2389 696 2559 752 non
2643 664 3123 781 praehabita
3206 666 3538 753 licentia
3590 727 3615 770 ‚
3695 664 3814 750 eis
3885 682 4447 749 veruntamen

960 806 967 813 ’
1063 820 1239 874 non>
1303 789 1457 873 nisi
1508 792 1737 898 gravi
1789 784 1897 874 de
1950 818 2191 871 causa
2259 783 2778 898 deneganda.
3195 849 3204 859 .

1182 907 1531 1015 Quinto.
1600 907 1838 996 Licet
1903 931 2183 994 autem
2254 905 2528 993 ordini
2622 931 2771 993 tuo
2864 903 3388 1019 Apostolicae
3461 903 3879 990 Missionis
3974 930 4282 989 munus
4361 899 4456 984 in

1062 1024 1486 1143 praedicta
1566 1026 2174 1116 Radtstadiensi
2254 1024 2782 1115 Praefectura
2850 1030 3252 1140 privative
3329 1027 4002 1135 committamus3
4093 1021 4456 1106 liberum

1067 1149 1703 1256 tamen-Nobis,
1768 1173 1853 1235 et
1905 1150 2535 1235 Successoribus
2616 1150 2915 1234 nostris
2965 1177 3138 1235 esse
3188 1148 3576 1233 volumus
3606 1209 3631 1252 ‚
3697 1146 3897 1231 alios
3948 1171 4287 1264 quoque
4338 1138 4454 1225 al·

1068 1271 1328 1355 terius
1396 1270 1844 1380 Religionis
1910 1274 2131 1356 viros
2195 1272 2277 1354 in
2362 1266 3074 1355 Badtstadiensem
3142 1266 3607 1354 districtum
3697 1264 3802 1351 ad
3854 1288 4178 1378 tempus
4261 1262 4454 1345 mit-

1072 1413 1290 1495 tere,
1340 1390 1909 1476 Missionarios
1958 1387 2062 1475 de
2113 1387 2514 1475 Districtu
2587 1419 2787 1475 vero
2848 1390 3045 1474 alibi
3098 1392 3342 1475 etiam
3396 1409 3479 1474 et
3513 1402 3750 1472 ‘extra
3802 1387 4036 1471 illurn
4104 1379 4209 1470 ad
4255 1379 4460 1466 Mis-

1072 1513 1397 1614 sione5‚
1464 1502 1768 1625 pariter
1851 1536 2126 1597 tamen
2198 1507 2301 1594 ad
2381 1533 2769 1624 tempuS‚
2837 1510 3216 1622 ablegare
3266 1573 3298 1614 ‚
3373 1505 3778 1594 Missione
3844 1538 3995 1623 pro
4075 1501 4456 1590 Patribus

1078 1633 1201 1715 tui
1236 1629 1576 1715 Ordinis
1648 1657 2218 1717 verumtamen
2271 1634 2355 1716 in
2412 1627 3018 1717 Radtstadiensi
3103 1628 3479 1716 districtu
3549 1626 3842 1715 harum
3915 1651 4201 1716 tenore
4247 1653 4455 1715 sem-

1072 1782 1220 1866 per
1271 1751 1423 1836 fixa
1466 1815 1490 1856 ,
1557 1775 1642 1838 et
1704 1755 1787 1837 in
1843 1783 1993 1838 suo
2056 1752 2352 1838 robore
2423 1749 2660 1837 firma
2710 1773 3118 1838 manente.

1196 1872 1550 1957 Curabit
1613 1872 1961 1989 proinde
2030 1872 2487 1957 Paterni'tas
2549 1895 2745 1978 tua,
2809 1876 3100 1991 tuique
3183 1898 3687 1963 successores
3763 1899 4108 1973 omneS,
4175 1895 4460 1980 perpe·

1084 1998 1245 2078 tuis
1311 1991 1613 2079 futuris
1668 1991 2230 2109 temporibus,
2296 2017 2393 2077 ut
2473 2017 2640 2078 tam
2670 1992 3047 2079 ,salutare
3097 2015 3471 2078 nostrum
3522 1993 4032 2103 propositum
4086 1987 4458 2075 alacriter

1078 2137 1590 2232 exequatur,
1642 2137 1904 2234 utque
1964 2116 2051 2198 in
2119 2138 2437 2226 partem
2496 2113 2932 2200 Pastoralis
3002 2137 3329 2198 nostrae
3407 2108 3958 2196 solicitudinis
4026 2109 4294 2195 vocati
4354 2110 4464 2193 ri·

1076 2255 1162 2320 te
1193 2297 1224 2338 ,
1290 2258 1372 2319 et
1434 2236 1738 2348 jugiter
1790 2235 2174 2347 expleant
2221 2233 2427 2320 haec
2497 2257 2769 2323 nostra
2833 2232 3279 2343 mandata3
3371 2228 3601 2350 quod
3650 2233 3714 2317 si
3767 2235 3850 2318 in
3906 2224 4458 2342 adimplendis

1078 2385 1177 2439 ex
1226 2386 1396 2440 asse
1478 2358 1877 2443 omnibus
1955 2355 2471 2469 praescriptis
2507 2417 2535 2457 ‚
2605 2355 3108 2466 negligentes
3158 2417 3182 2460 ,
3233 2354 3589 2455 incurii,
3642 2382 4034 2464 segnesve
4083 2346 4399 2435 fueritis
4435 2411 4458 2453 ‚
4573 2378 4582 2383 ·

1051 2472 1666 2590 ‚omnipotenti
1766 2475 2015 2579 Deo,
2078 2473 2341 2559 Nobis
2390 2537 2418 2580 ‚
2503 2473 3132 2567 successoribus
3217 2476 3569 2580 nostris,
3660 2497 3907 2593 atque
4004 2467 4461 2557 venerabili

1076 2593 1474 2713 Capitulo
1526 2619 1805 2681 nostro
1858 2593 2314 2680 districtam
2397 2590 2866 2680 reddituros
2917 2600 3382 2704 rationem3
3445 2623 3761 2710 vosque
3829 2614 4188 2679 nostram
4221 2652 4251 2692 ,
4316 2589 4461 2675 ho-

1076 2747 1440 2836 rumque
1503 2714 2160 2827 indignationem
2225 2716 2617 2801 noveritis
2683 2717 3179 2801 incursuros.
3247 2714 3554 2802 Actum
3631 2712 4086 2824 Salisburgi
4164 2733 4462 2800 metro-

950 2896 958 2903 ·
1048 2836 1244 2955 -poli
1330 2859 1600 2945 nostra
1655 2836 1810 2924 hac
1862 2834 1998 2924 die
2057 2838 2188 2945 14.
2245 2838 2550 2921 mensis
2599 2835 2843 2923 Mart.
2898 2841 3096 2924 anni
3155 2835 3403 2953 1737.

3471 2949 4212 3043 LEOPOLDUSz

1076 3194 1264 3287 Nos
1318 3193 1783 3310 Leopoldus
1830 3199 2008 3286 Dei
2046 3202 2337 3313 gratia
2396 3172 3100 3315 Archiepiscopus
3136 3263 3161 3303 ‚
3225 3216 3306 3283 et
3356 3198 3760 3310 Princeps
3812 3192 4471 3309 Salisburgensis

1459 3322 1826 3406 Sanctae
1894 3318 2140 3406 Sedis
2217 3320 2758 3435 Apostolicae
2841 3320 3211 3437 Legatus
3273 3315 3558 3407 Natus
3596 3379 3620 3424 ,
3721 3318 4066 3402 Primus

2411 3441 2930 3528 Germaniae
2976 3459 3127 3525 etc.

695 3690 847 3801 {iia
899 3695 1052 3762 Mis·
1196 3679 1265 3783 S.
1343 3713 1473 3770 11.
1511 3681 1885 3770 Noverit
1953 3681 2407 3773 paternitas
2476 3705 2670 3788 tua,
2749 3713 3000 3800 quam
3061 3711 3358 3768 vesana
3400 3744 3428 3785 ,
3491 3702 3868 3795 proterva
3911 3741 3934 3784 ,
4000 3675 4458 3781 haeretica,

686 3800 963 3941 ἓονῖθῑ
1077 3805 1435 3917 pravitas
1508 3828 1759 3919 caput
1826 3837 2072 3888 suum
2138 3809 2221 3889 in
2305 3801 2456 3888 hac
2511 3805 2943 3889 Provincia
2999 3825 3271 3888 nostra
3330 3832 3496 3887 non
3563 3807 3672 3885 ita
3737 3798 4057 3915 pridem
4137 3794 4463 3884 extule-

687 3893 1056 4054 raragjgpiu·
1080 3925 1237 4032 rit,
1305 3955 1723 4044 quamque
1776 3928 2079 4009 insanis
2132 3925 2565 4012 conatibus
2618 3925 2939 4035 abjecta
2990 3955 3322 4037 prorsus
3374 3920 3646 4007 fronte
3680 3986 3705 4029 ‚
3747 3947 4185 4038 emotaque
4239 3953 4465 4007 men-

688 4058 833 4125 dem
870 4061 1049 4127 Ordi-
1076 4067 1157 4130 te
1212 4067 1494 4131 contra
1551 4049 1806 4157 ipsam
1880 4046 2432 4161 Principalem
2508 4042 2992 4155 dignitatem
3043 4067 3405 4130 nostram
3455 4040 4038 4130 damnabiliter
4105 4044 4472 4155 insurge-

689 4152 790 4307 ἓί·
860 4151 925 4309 ἓ)
1073 4197 1163 4252 re
1220 4196 1380 4252 non
1438 4163 1944 4251 dubitaverit
1980 4201 2017 4277 3³
2072 4189 2155 4251 et
2208 4166 2531 4255 noverit
2583 4196 2922 4284 quoque
2963 4228 2989 4271 ,
3040 4175 3358 4282 quanto
3406 4166 3832 4281 pastoralis
3883 4166 4133 4248 animi
4193 4188 4472 4251 nostro

690 4266 855 4423 ,ἐξ
905 4269 962 4311 θ’
1069 4284 1363 4373 dolore
1414 4287 1683 4400 palam
1765 4292 1926 4399 jam
2017 4309 2428 4397 grassante
2494 4284 2802 4371 haeresi
2856 4350 2886 4389 ,
2966 4310 3273 4371 armata
3358 4289 3605 4371 etiam
3663 4317 3868 4372 num
3917 4288 4004 4370 vi
4069 4287 4471 4373 obsistere

1071 4406 1477 4492 fuerimus
1537 4411 1850 4515 coacti3
1917 4410 2203 4517 viginti
2259 4471 2283 4515 ,
2350 4430 2434 4493 et
2487 4407 2696 4491 ultra
2753 4438 2795 4493 e
2851 4406 3284 4493 Provincia
3353 4406 3609 4520 pulsis
3661 4404 4034 4492 millibus
4087 4405 4465 4513 Lutheri,

1073 4529 1593 4645 aliorumque
1658 4525 2407 4613 haeresiarcharum
2483 4527 2839 4613 colluvie
2877 4589 2900 4633 ,
2965 4551 3193 4641 peste
3277 4525 3527 4613 simul
3613 4551 3695 4614 et
3743 4530 3989 4613 exitio
4041 4528 4456 4613 involutis.

1074 4645 1296 4754 Quia
1350 4676 1547 4731 vero
1607 4650 2036 4732 statuimus
2109 4646 2571 4734 firmissime
2660 4670 2830 4734 toto
2897 4650 3198 4733 virium
3288 4649 3471 4731 nisu
3548 4644 3864 4734 hostem
3940 4646 4215 4735 adhuc
4290 4647 4469 4733 lati-

1064 4788 1386 4852 tantem
1460 4765 1775 4859 tamdiu
1830 4772 2259 4890 persequi,
2324 4765 2655 4875 donec,
2729 4764 2958 4887 quod
3028 4765 3702 4856 praedecessores
3793 4772 4047 4857 nostri
4125 4771 4465 4858 voluere

1070 4918 1447 5002 semper,
1504 4912 1849 5005 potuere
1920 4920 2348 5006 nunquam
2388 4952 2410 4994 ‚
2471 4911 2825 4975 extrema
2885 4890 3451 4976 internecione
3502 4920 3648 5003 per
3702 4891 3859 4977 Dei
3935 4892 4278 5003 gratiam
4332 4922 4471 5004 pe·

1070 5013 1299 5094 nitus
1352 5013 1999 5121 extinxerinnu53
2068 5008 2263 5097 hinc
2316 5006 2424 5095 cle
2487 5034 2629 5094 tua
2699 5006 3284 5114 solicitudine,
3349 5010 3772 5119 vigilantia
3813 5075 3836 5117 ‚
3894 5035 3980 5097 et
4029 5042 4221 5097 cura
4275 5041 4469 5099 con·

1070 5128 1426 5216 creditas
1490 5154 1802 5215 nostras
1866 5130 2233 5220 oviculas
2319 5130 2480 5217 sub
2558 5131 2807 5214 unius
2886 5129 3241 5217 Pastoris
3328 5131 3528 5214 ovili
3590 5135 3893 5246 jugiter
3984 5130 4472 5220 continendi

1074 5250 1526 5336 clementer
1612 5249 1979 5355 confisi,
2061 5283 2254 5336 cum
2324 5283 2425 5337 ue
2516 5250 3194 5367 Capuccinorum
3291 5255 3878 5340 monasterium
3958 5255 4045 5339 in
4133 5250 4471 5370 Oppido

1070 5393 1355 5456 nostro
1406 5369 1906 5484 Dambsweg
1958 5406 2001 5457 a
2059 5371 2261 5456 Prae
2327 5372 2834 5458 ecessoribus
2922 5374 3217 5459 nostris
3295 5368 3401 5458 ad
3453 5372 3892 5461 arcendam
3947 5406 3989 5460 a
4043 5372 4476 5486 Religione

1071 5515 1348 5577 nostra
1404 5489 1757 5581 haeresis
1841 5495 2094 5579 luem·
2150 5492 2714 5608 principaliter
2763 5488 3208 5580 fundatum
3289 5523 3462 5583 esse
3531 5490 4115 5607 dignoscatur,
4180 5518 4263 5581 et
4323 5494 4480 5582 Pa-

1072 5635 1238 5705 tres
1288 5608 1538 5728 hujus
1591 5618 1675 5701 in
1752 5613 2284 5733 participium
2337 5637 2504 5701 tam
2559 5613 2884 5726 gloriosi
2967 5617 3233 5731 operis
3311 5645 3610 5707 vocare
3649 5678 3674 5725 ‚
3765 5613 4246 5737 eisdemque
4297 5647 4495 5740 per-2
