<?xml version="1.0" encoding="UTF-8"?>
<!DOCTYPE html PUBLIC "-//W3C//DTD XHTML 1.0 Transitional//EN"
    "http://www.w3.org/TR/xhtml1/DTD/xhtml1-transitional.dtd">
<html xmlns="http://www.w3.org/1999/xhtml" xml:lang="en" lang="en">
 <head>
  <title>
</title>
<meta http-equiv="Content-Type" content="text/html;charset=utf-8" />
  <meta name='ocr-system' content='tesseract 3.04.00' />
  <meta name='ocr-capabilities' content='ocr_page ocr_carea ocr_par ocr_line ocrx_word'/>
</head>
<body>
  <div class='ocr_page' id='page_1' title='image "./bullariumpontif00fidegoog_0263.png"; bbox 0 0 4834 6409; ppageno 0'>
   <div class='ocr_carea' id='block_1_1' title="bbox 326 488 3945 5672">
    <p class='ocr_par' dir='ltr' id='par_1_1' title="bbox 429 488 3945 1199">
     <span class='ocr_line' id='line_1_1' title="bbox 3644 488 3815 580; baseline -0.018 -1"><span class='ocrx_word' id='word_1_1' title='bbox 3644 488 3815 580; x_wconf 80' lang='lat'>253</span> 
     </span>
     <span class='ocr_line' id='line_1_2' title="bbox 433 605 3816 730; baseline -0 -31"><span class='ocrx_word' id='word_1_2' title='bbox 433 605 665 719; x_wconf 74' lang='lat' dir='ltr'>bati,</span> <span class='ocrx_word' id='word_1_3' title='bbox 717 612 1149 723; x_wconf 81' lang='lat' dir='ltr'>integrum.</span> <span class='ocrx_word' id='word_1_4' title='bbox 1185 607 1585 704; x_wconf 80' lang='lat' dir='ltr'>illi-haud</span> <span class='ocrx_word' id='word_1_5' title='bbox 1636 614 1926 701; x_wconf 87' lang='lat' dir='ltr'>sit-eos</span> <span class='ocrx_word' id='word_1_6' title='bbox 2009 609 2245 699; x_wconf 87' lang='lat' dir='ltr'>aliter</span> <span class='ocrx_word' id='word_1_7' title='bbox 2295 638 2680 699; x_wconf 86' lang='lat' dir='ltr'>amovere</span> <span class='ocrx_word' id='word_1_8' title='bbox 2715 673 2740 720; x_wconf 90' lang='lat'>‚</span> <span class='ocrx_word' id='word_1_9' title='bbox 2806 630 2894 700; x_wconf 85' lang='lat' dir='ltr'>et</span> <span class='ocrx_word' id='word_1_10' title='bbox 2954 638 3296 698; x_wconf 81' lang='lat' dir='ltr'>avocare</span> <span class='ocrx_word' id='word_1_11' title='bbox 3331 670 3357 718; x_wconf 91' lang='lat'>,</span> <span class='ocrx_word' id='word_1_12' title='bbox 3423 640 3680 730; x_wconf 82' lang='lat' dir='ltr'>quam</span> <span class='ocrx_word' id='word_1_13' title='bbox 3728 634 3816 698; x_wconf 90' lang='lat' dir='ltr'>et</span> 
     </span>
     <span class='ocr_line' id='line_1_3' title="bbox 433 728 3825 848; baseline -0.001 -27"><span class='ocrx_word' id='word_1_14' title='bbox 433 728 1102 821; x_wconf 74' lang='lat' dir='ltr'>servatoordine</span> <span class='ocrx_word' id='word_1_15' title='bbox 1129 796 1159 836; x_wconf 88' lang='lat'>,</span> <span class='ocrx_word' id='word_1_16' title='bbox 1220 755 1303 818; x_wconf 89' lang='lat' dir='ltr'>et</span> <span class='ocrx_word' id='word_1_17' title='bbox 1350 730 1610 822; x_wconf 89' lang='lat' dir='ltr'>forma</span> <span class='ocrx_word' id='word_1_18' title='bbox 1650 797 1675 838; x_wconf 95' lang='lat'>,</span> <span class='ocrx_word' id='word_1_19' title='bbox 1740 757 1835 818; x_wconf 92' lang='lat' dir='ltr'>ut</span> <span class='ocrx_word' id='word_1_20' title='bbox 1884 732 2019 819; x_wconf 79' lang='lat' dir='ltr'>vel</span> <span class='ocrx_word' id='word_1_21' title='bbox 2074 765 2290 819; x_wconf 88' lang='lat' dir='ltr'>unus</span> <span class='ocrx_word' id='word_1_22' title='bbox 2338 733 2628 819; x_wconf 90' lang='lat' dir='ltr'>saltem</span> <span class='ocrx_word' id='word_1_23' title='bbox 2706 764 3026 847; x_wconf 80' lang='lat' dir='ltr'><strong>semper</strong></span> <span class='ocrx_word' id='word_1_24' title='bbox 3077 729 3350 839; x_wconf 84' lang='lat' dir='ltr'>adsit,</span> <span class='ocrx_word' id='word_1_25' title='bbox 3416 734 3565 848; x_wconf 87' lang='lat' dir='ltr'>qui</span> <span class='ocrx_word' id='word_1_26' title='bbox 3650 735 3825 846; x_wconf 88' lang='lat' dir='ltr'>jam</span> 
     </span>
     <span class='ocr_line' id='line_1_4' title="bbox 429 849 3945 967; baseline 0.001 -31"><span class='ocrx_word' id='word_1_27' title='bbox 429 880 585 966; x_wconf 79' lang='lat' dir='ltr'>per</span> <span class='ocrx_word' id='word_1_28' title='bbox 636 853 1049 962; x_wconf 85' lang='lat' dir='ltr'>integrum</span> <span class='ocrx_word' id='word_1_29' title='bbox 1132 853 1572 939; x_wconf 85' lang='lat' dir='ltr'>biennium</span> <span class='ocrx_word' id='word_1_30' title='bbox 1635 855 2281 949; x_wconf 54' lang='lat' dir='ltr'>Missionariisin</span> <span class='ocrx_word' id='word_1_31' title='bbox 2330 850 2587 939; x_wconf 88' lang='lat' dir='ltr'>domo</span> <span class='ocrx_word' id='word_1_32' title='bbox 2654 851 3070 967; x_wconf 89' lang='lat' dir='ltr'>praedicta</span> <span class='ocrx_word' id='word_1_33' title='bbox 3133 849 3520 939; x_wconf 85' lang='lat' dir='ltr'>Werffen</span> <span class='ocrx_word' id='word_1_34' title='bbox 3594 880 3820 941; x_wconf 81' lang='lat' dir='ltr'>exer-</span> <span class='ocrx_word' id='word_1_35' title='bbox 3937 957 3945 965; x_wconf 25' lang='lat'>¹</span> 
     </span>
     <span class='ocr_line' id='line_1_5' title="bbox 436 972 3868 1091; baseline 0.002 -36"><span class='ocrx_word' id='word_1_36' title='bbox 436 973 705 1057; x_wconf 86' lang='lat' dir='ltr'>cuerit</span> <span class='ocrx_word' id='word_1_37' title='bbox 760 1000 1062 1059; x_wconf 86' lang='lat' dir='ltr'>munus</span> <span class='ocrx_word' id='word_1_38' title='bbox 1114 1034 1140 1079; x_wconf 93' lang='lat'>,</span> <span class='ocrx_word' id='word_1_39' title='bbox 1200 973 1605 1062; x_wconf 87' lang='lat' dir='ltr'>habentes</span> <span class='ocrx_word' id='word_1_40' title='bbox 1677 972 2202 1060; x_wconf 87' lang='lat' dir='ltr'>subditorum</span> <span class='ocrx_word' id='word_1_41' title='bbox 2285 999 2753 1090; x_wconf 87' lang='lat' dir='ltr'>perspectos</span> <span class='ocrx_word' id='word_1_42' title='bbox 2844 1005 3110 1059; x_wconf 88' lang='lat' dir='ltr'>mores</span> <span class='ocrx_word' id='word_1_43' title='bbox 3147 1036 3171 1080; x_wconf 91' lang='lat'>,</span> <span class='ocrx_word' id='word_1_44' title='bbox 3238 975 3511 1091; x_wconf 88' lang='lat' dir='ltr'>sitque</span> <span class='ocrx_word' id='word_1_45' title='bbox 3569 973 3660 1058; x_wconf 83' lang='lat' dir='ltr'>in</span> <span class='ocrx_word' id='word_1_46' title='bbox 3732 982 3868 1063; x_wconf 78' lang='lat' dir='ltr'>re&#39;.</span> 
     </span>
     <span class='ocr_line' id='line_1_6' title="bbox 434 1084 3868 1199; baseline 0.003 -25"><span class='ocrx_word' id='word_1_47' title='bbox 434 1084 935 1177; x_wconf 80' lang='lat' dir='ltr'>Missionum</span> <span class='ocrx_word' id='word_1_48' title='bbox 986 1119 1354 1180; x_wconf 86' lang='lat' dir='ltr'>versatus</span> <span class='ocrx_word' id='word_1_49' title='bbox 1388 1090 1431 1199; x_wconf 55' lang='lat'>,⁶</span> <span class='ocrx_word' id='word_1_50' title='bbox 1481 1120 1567 1182; x_wconf 86' lang='lat' dir='ltr'>et</span> <span class='ocrx_word' id='word_1_51' title='bbox 1614 1096 1881 1181; x_wconf 83' lang='lat' dir='ltr'>valeat</span> <span class='ocrx_word' id='word_1_52' title='bbox 1929 1098 2338 1185; x_wconf 89' lang='lat' dir='ltr'>iustruere</span> <span class='ocrx_word' id='word_1_53' title='bbox 2390 1096 2715 1183; x_wconf 89' lang='lat' dir='ltr'>noviter</span> <span class='ocrx_word' id='word_1_54' title='bbox 2769 1091 3337 1180; x_wconf 85' lang='lat' dir='ltr'>advenientes.</span> <span class='ocrx_word' id='word_1_55' title='bbox 3843 1110 3868 1183; x_wconf 84' lang='grc'>’-</span> 
     </span>
    </p>

    <p class='ocr_par' dir='ltr' id='par_1_2' title="bbox 430 1210 3860 2778">
     <span class='ocr_line' id='line_1_7' title="bbox 474 1210 3824 1335; baseline 0.002 -41"><span class='ocrx_word' id='word_1_56' title='bbox 474 1252 481 1259; x_wconf 95' lang='grc'><strong><em>·</em></strong></span> <span class='ocrx_word' id='word_1_57' title='bbox 558 1210 904 1299; x_wconf 77' lang='lat' dir='ltr'>Octavo·</span> <span class='ocrx_word' id='word_1_58' title='bbox 972 1212 1254 1299; x_wconf 89' lang='lat' dir='ltr'>Erunt</span> <span class='ocrx_word' id='word_1_59' title='bbox 1304 1239 1581 1301; x_wconf 87' lang='lat' dir='ltr'>autem</span> <span class='ocrx_word' id='word_1_60' title='bbox 1637 1218 1765 1301; x_wconf 87' lang='lat' dir='ltr'>isti</span> <span class='ocrx_word' id='word_1_61' title='bbox 1820 1246 2012 1300; x_wconf 85' lang='lat' dir='ltr'>cum</span> <span class='ocrx_word' id='word_1_62' title='bbox 2065 1219 2235 1329; x_wconf 84' lang='lat' dir='ltr'>ipsa</span> <span class='ocrx_word' id='word_1_63' title='bbox 2290 1210 2542 1301; x_wconf 90' lang='lat' dir='ltr'>domo</span> <span class='ocrx_word' id='word_1_64' title='bbox 2594 1214 3008 1300; x_wconf 89' lang='lat' dir='ltr'>Missionis</span> <span class='ocrx_word' id='word_1_65' title='bbox 3045 1279 3074 1318; x_wconf 89' lang='lat'>,</span> <span class='ocrx_word' id='word_1_66' title='bbox 3128 1210 3403 1335; x_wconf 88' lang='lat' dir='ltr'>quoad</span> <span class='ocrx_word' id='word_1_67' title='bbox 3459 1245 3550 1299; x_wconf 89' lang='lat' dir='ltr'>ea</span> <span class='ocrx_word' id='word_1_68' title='bbox 3608 1245 3824 1333; x_wconf 90' lang='lat' dir='ltr'>quae</span> 
     </span>
     <span class='ocr_line' id='line_1_8' title="bbox 439 1326 3827 1441; baseline 0.003 -29"><span class='ocrx_word' id='word_1_69' title='bbox 439 1326 857 1417; x_wconf 89' lang='lat' dir='ltr'>Missionis</span> <span class='ocrx_word' id='word_1_70' title='bbox 908 1364 1216 1420; x_wconf 90' lang='lat' dir='ltr'>munus</span> <span class='ocrx_word' id='word_1_71' title='bbox 1267 1360 1786 1423; x_wconf 81' lang='lat' dir='ltr'>concernunt</span> <span class='ocrx_word' id='word_1_72' title='bbox 1821 1399 1843 1441; x_wconf 92' lang='lat'>,</span> <span class='ocrx_word' id='word_1_73' title='bbox 1884 1341 1969 1421; x_wconf 89' lang='lat' dir='ltr'>iu</span> <span class='ocrx_word' id='word_1_74' title='bbox 2003 1332 2270 1427; x_wconf 79' lang='lat' dir='ltr'>‚omne</span> <span class='ocrx_word' id='word_1_75' title='bbox 2320 1365 2614 1421; x_wconf 89' lang='lat' dir='ltr'>aevum</span> <span class='ocrx_word' id='word_1_76' title='bbox 2672 1332 3196 1438; x_wconf 78' lang='lat' dir='ltr'>immediate,</span> <span class='ocrx_word' id='word_1_77' title='bbox 3250 1358 3333 1420; x_wconf 86' lang='lat' dir='ltr'>et</span> <span class='ocrx_word' id='word_1_78' title='bbox 3382 1335 3630 1421; x_wconf 88' lang='lat' dir='ltr'>unice</span> <span class='ocrx_word' id='word_1_79' title='bbox 3679 1365 3827 1422; x_wconf 92' lang='lat' dir='ltr'>no-</span> 
     </span>
     <span class='ocr_line' id='line_1_9' title="bbox 431 1448 3822 1573; baseline 0.002 -39"><span class='ocrx_word' id='word_1_80' title='bbox 431 1452 617 1538; x_wconf 82' lang='lat' dir='ltr'>stris</span> <span class='ocrx_word' id='word_1_81' title='bbox 653 1513 679 1558; x_wconf 92' lang='lat'>,</span> <span class='ocrx_word' id='word_1_82' title='bbox 721 1448 1357 1573; x_wconf 87' lang='lat' dir='ltr'>nostrorumque</span> <span class='ocrx_word' id='word_1_83' title='bbox 1409 1456 1986 1543; x_wconf 83' lang='lat' dir='ltr'>Successorum</span> <span class='ocrx_word' id='word_1_84' title='bbox 2042 1453 2450 1542; x_wconf 88' lang='lat' dir='ltr'>mandatis</span> <span class='ocrx_word' id='word_1_85' title='bbox 2496 1453 2905 1572; x_wconf 82' lang='lat' dir='ltr'>subjecti,</span> <span class='ocrx_word' id='word_1_86' title='bbox 2972 1452 3425 1541; x_wconf 73' lang='lat' dir='ltr'>directione</span> <span class='ocrx_word' id='word_1_87' title='bbox 3475 1452 3655 1568; x_wconf 82' lang='lat' dir='ltr'>ejus</span> <span class='ocrx_word' id='word_1_88' title='bbox 3707 1478 3822 1541; x_wconf 89' lang='lat' dir='ltr'>ta-</span> 
     </span>
     <span class='ocr_line' id='line_1_10' title="bbox 430 1576 3827 1680; baseline 0.002 -26"><span class='ocrx_word' id='word_1_89' title='bbox 430 1599 631 1658; x_wconf 90' lang='lat' dir='ltr'>men</span> <span class='ocrx_word' id='word_1_90' title='bbox 664 1634 687 1677; x_wconf 91' lang='lat'>,</span> <span class='ocrx_word' id='word_1_91' title='bbox 755 1595 839 1663; x_wconf 89' lang='lat' dir='ltr'>et</span> <span class='ocrx_word' id='word_1_92' title='bbox 890 1577 1356 1663; x_wconf 85' lang='lat' dir='ltr'>visitatione</span> <span class='ocrx_word' id='word_1_93' title='bbox 1404 1578 1496 1661; x_wconf 89' lang='lat' dir='ltr'>P.</span> <span class='ocrx_word' id='word_1_94' title='bbox 1532 1576 2069 1662; x_wconf 86' lang='lat' dir='ltr'>Provincialis</span> <span class='ocrx_word' id='word_1_95' title='bbox 2133 1578 2406 1662; x_wconf 88' lang='lat' dir='ltr'>illaesa</span> <span class='ocrx_word' id='word_1_96' title='bbox 2437 1640 2467 1680; x_wconf 91' lang='lat'>,</span> <span class='ocrx_word' id='word_1_97' title='bbox 2519 1597 2600 1662; x_wconf 88' lang='lat' dir='ltr'>et</span> <span class='ocrx_word' id='word_1_98' title='bbox 2650 1579 2954 1662; x_wconf 90' lang='lat' dir='ltr'>intacta</span> <span class='ocrx_word' id='word_1_99' title='bbox 3007 1576 3286 1662; x_wconf 89' lang='lat' dir='ltr'>relicta</span> <span class='ocrx_word' id='word_1_100' title='bbox 3317 1637 3340 1679; x_wconf 91' lang='lat'>,</span> <span class='ocrx_word' id='word_1_101' title='bbox 3393 1576 3477 1657; x_wconf 90' lang='lat' dir='ltr'>in</span> <span class='ocrx_word' id='word_1_102' title='bbox 3534 1577 3827 1664; x_wconf 82' lang='lat' dir='ltr'>ceteris</span> 
     </span>
     <span class='ocr_line' id='line_1_11' title="bbox 434 1693 3827 1807; baseline 0.001 -30"><span class='ocrx_word' id='word_1_103' title='bbox 434 1713 718 1777; x_wconf 86' lang='lat' dir='ltr'>autem</span> <span class='ocrx_word' id='word_1_104' title='bbox 771 1693 1010 1779; x_wconf 89' lang='lat' dir='ltr'>nobis</span> <span class='ocrx_word' id='word_1_105' title='bbox 1043 1758 1068 1801; x_wconf 96' lang='lat'>,</span> <span class='ocrx_word' id='word_1_106' title='bbox 1133 1720 1218 1782; x_wconf 90' lang='lat' dir='ltr'>et</span> <span class='ocrx_word' id='word_1_107' title='bbox 1269 1697 1895 1783; x_wconf 87' lang='lat' dir='ltr'>Successoribus</span> <span class='ocrx_word' id='word_1_108' title='bbox 1946 1701 2240 1783; x_wconf 86' lang='lat' dir='ltr'>nostris</span> <span class='ocrx_word' id='word_1_109' title='bbox 2291 1702 2468 1782; x_wconf 88' lang='lat' dir='ltr'>sine</span> <span class='ocrx_word' id='word_1_110' title='bbox 2520 1696 2687 1781; x_wconf 89' lang='lat' dir='ltr'>ulla</span> <span class='ocrx_word' id='word_1_111' title='bbox 2742 1694 3392 1788; x_wconf 75' lang='lat' dir='ltr'>contradictione</span> <span class='ocrx_word' id='word_1_112' title='bbox 3455 1717 3827 1807; x_wconf 88' lang='lat' dir='ltr'>praesta-</span> 
     </span>
     <span class='ocr_line' id='line_1_12' title="bbox 430 1807 3827 1935; baseline 0.001 -40"><span class='ocrx_word' id='word_1_113' title='bbox 430 1807 712 1917; x_wconf 86' lang='lat' dir='ltr'>bunt,</span> <span class='ocrx_word' id='word_1_114' title='bbox 783 1836 869 1901; x_wconf 88' lang='lat' dir='ltr'>et</span> <span class='ocrx_word' id='word_1_115' title='bbox 951 1814 1568 1930; x_wconf 85' lang='lat' dir='ltr'>adimplebunt.</span> <span class='ocrx_word' id='word_1_116' title='bbox 1613 1848 1704 1902; x_wconf 90' lang='lat' dir='ltr'>ea</span> <span class='ocrx_word' id='word_1_117' title='bbox 1753 1820 2097 1925; x_wconf 86' lang='lat' dir='ltr'>omnia,</span> <span class='ocrx_word' id='word_1_118' title='bbox 2163 1815 2264 1903; x_wconf 92' lang='lat' dir='ltr'>ad</span> <span class='ocrx_word' id='word_1_119' title='bbox 2334 1824 2569 1935; x_wconf 78' lang='lat' dir='ltr'>quae</span> <span class='ocrx_word' id='word_1_120' title='bbox 2639 1816 3083 1928; x_wconf 84' lang='lat' dir='ltr'>Regulares</span> <span class='ocrx_word' id='word_1_121' title='bbox 3162 1818 3514 1927; x_wconf 84' lang='lat' dir='ltr'>exempti</span> <span class='ocrx_word' id='word_1_122' title='bbox 3601 1819 3827 1929; x_wconf 77' lang='lat' dir='ltr'>juxta</span> 
     </span>
     <span class='ocr_line' id='line_1_13' title="bbox 437 1935 3860 2055; baseline 0 -39"><span class='ocrx_word' id='word_1_123' title='bbox 437 1935 1037 2046; x_wconf 81' lang='lat' dir='ltr'>praescriptum</span> <span class='ocrx_word' id='word_1_124' title='bbox 1090 1938 1311 2023; x_wconf 82' lang='lat' dir='ltr'>Sacri</span> <span class='ocrx_word' id='word_1_125' title='bbox 1369 1938 1724 2025; x_wconf 68' lang='lat' dir='ltr'>Consilii</span> <span class='ocrx_word' id='word_1_126' title='bbox 1815 1936 2283 2024; x_wconf 86' lang='lat' dir='ltr'>Tridentini</span> <span class='ocrx_word' id='word_1_127' title='bbox 2325 2001 2374 2043; x_wconf 10' lang='lat' dir='ltr'>,A</span> <span class='ocrx_word' id='word_1_128' title='bbox 2419 1960 3049 2055; x_wconf 82' lang='lat' dir='ltr'>nostrarumque</span> <span class='ocrx_word' id='word_1_129' title='bbox 3100 1935 3860 2021; x_wconf 87' lang='lat' dir='ltr'>Constitutionum.</span> 
     </span>
     <span class='ocr_line' id='line_1_14' title="bbox 439 2049 3828 2165; baseline 0.002 -32"><span class='ocrx_word' id='word_1_130' title='bbox 439 2049 982 2163; x_wconf 73' lang='lat' dir='ltr'>synodalium</span> <span class='ocrx_word' id='word_1_131' title='bbox 1025 2118 1048 2161; x_wconf 93' lang='lat'>,</span> <span class='ocrx_word' id='word_1_132' title='bbox 1115 2080 1199 2143; x_wconf 90' lang='lat' dir='ltr'>et</span> <span class='ocrx_word' id='word_1_133' title='bbox 1248 2058 1895 2147; x_wconf 84' lang='lat' dir='ltr'>Provincialium</span> <span class='ocrx_word' id='word_1_134' title='bbox 1932 2122 1961 2161; x_wconf 90' lang='lat'>,</span> <span class='ocrx_word' id='word_1_135' title='bbox 2026 2084 2108 2146; x_wconf 88' lang='lat' dir='ltr'>et.</span> <span class='ocrx_word' id='word_1_136' title='bbox 2160 2056 2626 2143; x_wconf 85' lang='lat' dir='ltr'>Ordinariis</span> <span class='ocrx_word' id='word_1_137' title='bbox 2693 2051 3060 2143; x_wconf 84' lang='lat' dir='ltr'>locorum</span> <span class='ocrx_word' id='word_1_138' title='bbox 3131 2057 3323 2142; x_wconf 88' lang='lat' dir='ltr'>alias</span> <span class='ocrx_word' id='word_1_139' title='bbox 3376 2078 3768 2165; x_wconf 82' lang='lat' dir='ltr'>tenentur</span> <span class='ocrx_word' id='word_1_140' title='bbox 3804 2120 3828 2163; x_wconf 91' lang='lat'>,</span> 
     </span>
     <span class='ocr_line' id='line_1_15' title="bbox 437 2174 3833 2286; baseline 0.001 -30"><span class='ocrx_word' id='word_1_141' title='bbox 437 2174 658 2261; x_wconf 82' lang='lat' dir='ltr'>salva</span> <span class='ocrx_word' id='word_1_142' title='bbox 710 2174 1061 2286; x_wconf 85' lang='lat' dir='ltr'>proinde</span> <span class='ocrx_word' id='word_1_143' title='bbox 1112 2180 1195 2263; x_wconf 90' lang='lat' dir='ltr'>in</span> <span class='ocrx_word' id='word_1_144' title='bbox 1281 2175 1435 2264; x_wconf 90' lang='lat' dir='ltr'>hac</span> <span class='ocrx_word' id='word_1_145' title='bbox 1486 2178 1897 2263; x_wconf 86' lang='lat' dir='ltr'>Missionis</span> <span class='ocrx_word' id='word_1_146' title='bbox 1963 2178 2214 2266; x_wconf 90' lang='lat' dir='ltr'>domo</span> <span class='ocrx_word' id='word_1_147' title='bbox 2260 2243 2291 2282; x_wconf 86' lang='lat'>,</span> <span class='ocrx_word' id='word_1_148' title='bbox 2355 2201 2438 2264; x_wconf 88' lang='lat' dir='ltr'>et</span> <span class='ocrx_word' id='word_1_149' title='bbox 2503 2179 3056 2263; x_wconf 82' lang='lat' dir='ltr'>Missionarios</span> <span class='ocrx_word' id='word_1_150' title='bbox 3111 2174 3422 2260; x_wconf 85' lang='lat' dir='ltr'>ibidem</span> <span class='ocrx_word' id='word_1_151' title='bbox 3487 2178 3833 2263; x_wconf 86' lang='lat' dir='ltr'>existen-</span> 
     </span>
     <span class='ocr_line' id='line_1_16' title="bbox 439 2294 3825 2411; baseline 0.001 -34"><span class='ocrx_word' id='word_1_152' title='bbox 439 2312 621 2399; x_wconf 85' lang='lat' dir='ltr'>tes,</span> <span class='ocrx_word' id='word_1_153' title='bbox 686 2294 1261 2404; x_wconf 83' lang='lat' dir='ltr'>Dioecesana,</span> <span class='ocrx_word' id='word_1_154' title='bbox 1343 2323 1428 2384; x_wconf 89' lang='lat' dir='ltr'>et</span> <span class='ocrx_word' id='word_1_155' title='bbox 1501 2296 1947 2387; x_wconf 86' lang='lat' dir='ltr'>Ordinaria</span> <span class='ocrx_word' id='word_1_156' title='bbox 2038 2325 2306 2386; x_wconf 90' lang='lat' dir='ltr'>nostra</span> <span class='ocrx_word' id='word_1_157' title='bbox 2388 2296 2958 2408; x_wconf 80' lang='lat' dir='ltr'>jurisdictione</span> <span class='ocrx_word' id='word_1_158' title='bbox 3041 2303 3226 2411; x_wconf 90' lang='lat' dir='ltr'>jure</span> <span class='ocrx_word' id='word_1_159' title='bbox 3294 2295 3825 2410; x_wconf 89' lang='lat' dir='ltr'>Principatus</span> 
     </span>
     <span class='ocr_line' id='line_1_17' title="bbox 438 2413 3830 2524; baseline 0.002 -28"><span class='ocrx_word' id='word_1_160' title='bbox 438 2433 702 2501; x_wconf 86' lang='lat' dir='ltr'>terrae</span> <span class='ocrx_word' id='word_1_161' title='bbox 741 2479 765 2522; x_wconf 91' lang='lat'>,</span> <span class='ocrx_word' id='word_1_162' title='bbox 831 2441 914 2502; x_wconf 88' lang='lat' dir='ltr'>et</span> <span class='ocrx_word' id='word_1_163' title='bbox 976 2413 1448 2505; x_wconf 79' lang='lat' dir='ltr'>advocatiae</span> <span class='ocrx_word' id='word_1_164' title='bbox 1484 2482 1514 2522; x_wconf 91' lang='lat'>,</span> <span class='ocrx_word' id='word_1_165' title='bbox 1591 2421 1706 2503; x_wconf 88' lang='lat' dir='ltr'>sic</span> <span class='ocrx_word' id='word_1_166' title='bbox 1762 2443 2032 2507; x_wconf 88' lang='lat' dir='ltr'>tamen</span> <span class='ocrx_word' id='word_1_167' title='bbox 2090 2484 2117 2523; x_wconf 88' lang='lat'>,</span> <span class='ocrx_word' id='word_1_168' title='bbox 2172 2444 2264 2505; x_wconf 88' lang='lat' dir='ltr'>ut</span> <span class='ocrx_word' id='word_1_169' title='bbox 2313 2417 2632 2524; x_wconf 87' lang='lat' dir='ltr'>Nobis,</span> <span class='ocrx_word' id='word_1_170' title='bbox 2705 2441 2788 2504; x_wconf 88' lang='lat' dir='ltr'>et</span> <span class='ocrx_word' id='word_1_171' title='bbox 2839 2415 3467 2503; x_wconf 76' lang='lat' dir='ltr'>Successoribus</span> <span class='ocrx_word' id='word_1_172' title='bbox 3536 2421 3830 2502; x_wconf 89' lang='lat' dir='ltr'>nostris</span> 
     </span>
     <span class='ocr_line' id='line_1_18' title="bbox 439 2528 3829 2655; baseline 0.002 -41"><span class='ocrx_word' id='word_1_173' title='bbox 439 2528 922 2641; x_wconf 72' lang='lat' dir='ltr'>dumtaxat,</span> <span class='ocrx_word' id='word_1_174' title='bbox 974 2542 1284 2646; x_wconf 90' lang='lat' dir='ltr'>unice,</span> <span class='ocrx_word' id='word_1_175' title='bbox 1353 2562 1439 2625; x_wconf 85' lang='lat' dir='ltr'>et</span> <span class='ocrx_word' id='word_1_176' title='bbox 1485 2537 1961 2627; x_wconf 85' lang='lat' dir='ltr'>immediate</span> <span class='ocrx_word' id='word_1_177' title='bbox 1995 2602 2019 2646; x_wconf 92' lang='lat'>‚</span> <span class='ocrx_word' id='word_1_178' title='bbox 2074 2544 2195 2627; x_wconf 92' lang='lat' dir='ltr'>uti</span> <span class='ocrx_word' id='word_1_179' title='bbox 2248 2542 2783 2655; x_wconf 87' lang='lat' dir='ltr'>praemissum</span> <span class='ocrx_word' id='word_1_180' title='bbox 2837 2560 2956 2624; x_wconf 84' lang='lat' dir='ltr'>est</span> <span class='ocrx_word' id='word_1_181' title='bbox 2992 2592 3026 2639; x_wconf 85' lang='lat'>,-</span> <span class='ocrx_word' id='word_1_182' title='bbox 3091 2558 3568 2625; x_wconf 87' lang='lat' dir='ltr'>remaneant</span> <span class='ocrx_word' id='word_1_183' title='bbox 3617 2568 3829 2624; x_wconf 88' lang='lat' dir='ltr'>sem-</span> 
     </span>
     <span class='ocr_line' id='line_1_19' title="bbox 436 2658 2533 2778; baseline 0.004 -41"><span class='ocrx_word' id='word_1_184' title='bbox 436 2683 645 2765; x_wconf 88' lang='lat' dir='ltr'>per,</span> <span class='ocrx_word' id='word_1_185' title='bbox 714 2660 955 2743; x_wconf 91' lang='lat' dir='ltr'>etiam</span> <span class='ocrx_word' id='word_1_186' title='bbox 1013 2658 1295 2778; x_wconf 84' lang='lat' dir='ltr'>quoad</span> <span class='ocrx_word' id='word_1_187' title='bbox 1361 2663 1508 2744; x_wconf 83' lang='lat' dir='ltr'>ista</span> <span class='ocrx_word' id='word_1_188' title='bbox 1548 2720 1575 2764; x_wconf 86' lang='lat'>,</span> <span class='ocrx_word' id='word_1_189' title='bbox 1638 2659 2018 2771; x_wconf 86' lang='lat' dir='ltr'>subjecti.</span> <span class='ocrx_word' id='word_1_190' title='bbox 2525 2698 2533 2707; x_wconf 91' lang='lat'><strong>·</strong></span> 
     </span>
    </p>

    <p class='ocr_par' dir='ltr' id='par_1_3' title="bbox 326 2774 3872 5065">
     <span class='ocr_line' id='line_1_20' title="bbox 378 2774 3830 2898; baseline 0.001 -39"><span class='ocrx_word' id='word_1_191' title='bbox 378 2786 386 2793; x_wconf 82' lang='grc'><strong>’</strong></span> <span class='ocrx_word' id='word_1_192' title='bbox 553 2774 825 2863; x_wconf 82' lang='lat' dir='ltr'>Nono.</span> <span class='ocrx_word' id='word_1_193' title='bbox 892 2778 1600 2864; x_wconf 86' lang='lat' dir='ltr'>Missionariorum</span> <span class='ocrx_word' id='word_1_194' title='bbox 1673 2776 2105 2886; x_wconf 87' lang='lat' dir='ltr'>officium,</span> <span class='ocrx_word' id='word_1_195' title='bbox 2175 2777 2419 2886; x_wconf 85' lang='lat' dir='ltr'>finis,</span> <span class='ocrx_word' id='word_1_196' title='bbox 2490 2805 2738 2898; x_wconf 89' lang='lat' dir='ltr'>atque</span> <span class='ocrx_word' id='word_1_197' title='bbox 2786 2781 3222 2893; x_wconf 86' lang='lat' dir='ltr'>praecipua</span> <span class='ocrx_word' id='word_1_198' title='bbox 3263 2841 3286 2884; x_wconf 91' lang='lat'>,</span> <span class='ocrx_word' id='word_1_199' title='bbox 3355 2780 3525 2863; x_wconf 91' lang='lat' dir='ltr'>imo</span> <span class='ocrx_word' id='word_1_200' title='bbox 3577 2778 3830 2864; x_wconf 87' lang='lat' dir='ltr'>unica</span> 
     </span>
     <span class='ocr_line' id='line_1_21' title="bbox 439 2897 3830 3014; baseline 0.002 -36"><span class='ocrx_word' id='word_1_201' title='bbox 439 2923 634 2978; x_wconf 88' lang='lat' dir='ltr'>cura</span> <span class='ocrx_word' id='word_1_202' title='bbox 687 2901 849 3001; x_wconf 84' lang='lat' dir='ltr'>sit,</span> <span class='ocrx_word' id='word_1_203' title='bbox 915 2928 1060 3013; x_wconf 88' lang='lat' dir='ltr'>per</span> <span class='ocrx_word' id='word_1_204' title='bbox 1113 2897 1731 3006; x_wconf 76' lang='lat' dir='ltr'>praefecturas,</span> <span class='ocrx_word' id='word_1_205' title='bbox 1802 2928 1893 2988; x_wconf 88' lang='lat' dir='ltr'>ut</span> <span class='ocrx_word' id='word_1_206' title='bbox 1969 2901 2290 2988; x_wconf 87' lang='lat' dir='ltr'>dictum</span> <span class='ocrx_word' id='word_1_207' title='bbox 2360 2925 2543 3007; x_wconf 91' lang='lat' dir='ltr'>est,</span> <span class='ocrx_word' id='word_1_208' title='bbox 2625 2904 2815 3014; x_wconf 86' lang='lat' dir='ltr'>ipsis</span> <span class='ocrx_word' id='word_1_209' title='bbox 2879 2898 3334 3010; x_wconf 83' lang='lat' dir='ltr'>designatas</span> <span class='ocrx_word' id='word_1_210' title='bbox 3419 2902 3830 2985; x_wconf 87' lang='lat' dir='ltr'>incessan-</span> 
     </span>
     <span class='ocr_line' id='line_1_22' title="bbox 438 3011 3837 3135; baseline 0.002 -38"><span class='ocrx_word' id='word_1_211' title='bbox 438 3034 568 3098; x_wconf 86' lang='lat' dir='ltr'>ter</span> <span class='ocrx_word' id='word_1_212' title='bbox 619 3011 724 3100; x_wconf 87' lang='lat' dir='ltr'>de</span> <span class='ocrx_word' id='word_1_213' title='bbox 787 3017 969 3102; x_wconf 89' lang='lat' dir='ltr'>loco</span> <span class='ocrx_word' id='word_1_214' title='bbox 1022 3015 1126 3103; x_wconf 87' lang='lat' dir='ltr'>ad</span> <span class='ocrx_word' id='word_1_215' title='bbox 1177 3019 1451 3106; x_wconf 89' lang='lat' dir='ltr'>locum</span> <span class='ocrx_word' id='word_1_216' title='bbox 1485 3082 1512 3121; x_wconf 88' lang='lat'>,</span> <span class='ocrx_word' id='word_1_217' title='bbox 1593 3045 1675 3105; x_wconf 86' lang='lat' dir='ltr'>et</span> <span class='ocrx_word' id='word_1_218' title='bbox 1723 3024 1790 3105; x_wconf 89' lang='lat' dir='ltr'>si</span> <span class='ocrx_word' id='word_1_219' title='bbox 1846 3054 2173 3109; x_wconf 88' lang='lat' dir='ltr'>necesse</span> <span class='ocrx_word' id='word_1_220' title='bbox 2226 3025 2495 3107; x_wconf 82' lang='lat' dir='ltr'>visum</span> <span class='ocrx_word' id='word_1_221' title='bbox 2544 3020 2798 3106; x_wconf 87' lang='lat' dir='ltr'>fuerit</span> <span class='ocrx_word' id='word_1_222' title='bbox 2847 3019 2953 3106; x_wconf 87' lang='lat' dir='ltr'>de</span> <span class='ocrx_word' id='word_1_223' title='bbox 3012 3019 3261 3135; x_wconf 83' lang='lat' dir='ltr'>domo</span> <span class='ocrx_word' id='word_1_224' title='bbox 3327 3016 3432 3104; x_wconf 85' lang='lat' dir='ltr'>ad</span> <span class='ocrx_word' id='word_1_225' title='bbox 3484 3016 3837 3106; x_wconf 91' lang='lat' dir='ltr'>domum</span> 
     </span>
     <span class='ocr_line' id='line_1_23' title="bbox 441 3133 3830 3249; baseline 0.003 -32"><span class='ocrx_word' id='word_1_226' title='bbox 441 3133 1015 3240; x_wconf 81' lang='lat' dir='ltr'>excurrendO,</span> <span class='ocrx_word' id='word_1_227' title='bbox 1083 3163 1166 3222; x_wconf 85' lang='lat' dir='ltr'>et</span> <span class='ocrx_word' id='word_1_228' title='bbox 1230 3138 1817 3229; x_wconf 77' lang='lat' dir='ltr'>catechizando</span> <span class='ocrx_word' id='word_1_229' title='bbox 1866 3206 1890 3249; x_wconf 91' lang='lat'>,</span> <span class='ocrx_word' id='word_1_230' title='bbox 1944 3143 2479 3229; x_wconf 85' lang='lat' dir='ltr'>Missionibus</span> <span class='ocrx_word' id='word_1_231' title='bbox 2550 3145 2950 3231; x_wconf 83' lang='lat' dir='ltr'>continuo</span> <span class='ocrx_word' id='word_1_232' title='bbox 3020 3170 3311 3228; x_wconf 88' lang='lat' dir='ltr'>vacare</span> <span class='ocrx_word' id='word_1_233' title='bbox 3347 3203 3373 3243; x_wconf 91' lang='lat'>‚</span> <span class='ocrx_word' id='word_1_234' title='bbox 3441 3137 3688 3225; x_wconf 89' lang='lat' dir='ltr'>rudes</span> <span class='ocrx_word' id='word_1_235' title='bbox 3740 3143 3830 3226; x_wconf 85' lang='lat' dir='ltr'>in</span> 
     </span>
     <span class='ocr_line' id='line_1_24' title="bbox 436 3248 3838 3370; baseline 0.003 -33"><span class='ocrx_word' id='word_1_236' title='bbox 436 3248 845 3343; x_wconf 88' lang='lat' dir='ltr'>Doctrina</span> <span class='ocrx_word' id='word_1_237' title='bbox 924 3257 1933 3370; x_wconf 83' lang='lat' dir='ltr'>Christiana·instruere,</span> <span class='ocrx_word' id='word_1_238' title='bbox 2001 3260 2481 3349; x_wconf 80' lang='lat' dir='ltr'>dubitantes</span> <span class='ocrx_word' id='word_1_239' title='bbox 2581 3266 2664 3349; x_wconf 90' lang='lat' dir='ltr'>in</span> <span class='ocrx_word' id='word_1_240' title='bbox 2768 3264 3111 3349; x_wconf 82' lang='lat' dir='ltr'>veritate</span> <span class='ocrx_word' id='word_1_241' title='bbox 3195 3284 3517 3346; x_wconf 86' lang='lat' dir='ltr'>nostrae</span> <span class='ocrx_word' id='word_1_242' title='bbox 3597 3258 3838 3349; x_wconf 77' lang='lat' dir='ltr'>Fidei</span> 
     </span>
     <span class='ocr_line' id='line_1_25' title="bbox 439 3373 3830 3496; baseline 0.003 -38"><span class='ocrx_word' id='word_1_243' title='bbox 439 3373 933 3490; x_wconf 83' lang='lat' dir='ltr'>confirmare</span> <span class='ocrx_word' id='word_1_244' title='bbox 983 3441 1006 3482; x_wconf 93' lang='lat'>,</span> <span class='ocrx_word' id='word_1_245' title='bbox 1074 3382 1157 3463; x_wconf 90' lang='lat' dir='ltr'>in</span> <span class='ocrx_word' id='word_1_246' title='bbox 1215 3379 1677 3488; x_wconf 79' lang='lat' dir='ltr'>haereticO,</span> <span class='ocrx_word' id='word_1_247' title='bbox 1744 3384 1879 3472; x_wconf 82' lang='lat' dir='ltr'>vel</span> <span class='ocrx_word' id='word_1_248' title='bbox 1946 3381 2053 3471; x_wconf 93' lang='lat' dir='ltr'>de</span> <span class='ocrx_word' id='word_1_249' title='bbox 2119 3382 2432 3469; x_wconf 82' lang='lat' dir='ltr'>haeresi</span> <span class='ocrx_word' id='word_1_250' title='bbox 2483 3405 2960 3496; x_wconf 81' lang='lat' dir='ltr'>suspectos„</span> <span class='ocrx_word' id='word_1_251' title='bbox 3056 3382 3348 3465; x_wconf 88' lang='lat' dir='ltr'>horum</span> <span class='ocrx_word' id='word_1_252' title='bbox 3418 3384 3830 3468; x_wconf 87' lang='lat' dir='ltr'>consulto·</span> 
     </span>
     <span class='ocr_line' id='line_1_26' title="bbox 440 3495 3840 3615; baseline 0.003 -36"><span class='ocrx_word' id='word_1_253' title='bbox 440 3524 626 3599; x_wconf 83' lang='lat' dir='ltr'>res,</span> <span class='ocrx_word' id='word_1_254' title='bbox 690 3495 1046 3584; x_wconf 86' lang='lat' dir='ltr'>fautores</span> <span class='ocrx_word' id='word_1_255' title='bbox 1083 3563 1109 3605; x_wconf 91' lang='lat'>,</span> <span class='ocrx_word' id='word_1_256' title='bbox 1196 3524 1742 3615; x_wconf 74' lang='lat' dir='ltr'>receptatores</span> <span class='ocrx_word' id='word_1_257' title='bbox 1780 3568 1804 3609; x_wconf 95' lang='lat'>,</span> <span class='ocrx_word' id='word_1_258' title='bbox 1872 3504 2285 3589; x_wconf 83' lang='lat' dir='ltr'>librorum</span> <span class='ocrx_word' id='word_1_259' title='bbox 2335 3503 3015 3599; x_wconf 81' lang='lat' dir='ltr'>Acatholicorum</span> <span class='ocrx_word' id='word_1_260' title='bbox 3081 3500 3546 3600; x_wconf 82' lang='lat' dir='ltr'>detentores</span> <span class='ocrx_word' id='word_1_261' title='bbox 3597 3564 3621 3607; x_wconf 90' lang='lat'>,</span> <span class='ocrx_word' id='word_1_262' title='bbox 3702 3506 3840 3589; x_wconf 88' lang='lat' dir='ltr'>vel</span> 
     </span>
     <span class='ocr_line' id='line_1_27' title="bbox 346 3613 3862 3734; baseline 0.002 -35"><span class='ocrx_word' id='word_1_263' title='bbox 346 3668 351 3677; x_wconf 93' lang='lat'><strong>·</strong></span> <span class='ocrx_word' id='word_1_264' title='bbox 440 3613 980 3704; x_wconf 81' lang='lat' dir='ltr'>detentorum</span> <span class='ocrx_word' id='word_1_265' title='bbox 1040 3625 1465 3730; x_wconf 83' lang='lat' dir='ltr'>conscios,</span> <span class='ocrx_word' id='word_1_266' title='bbox 1530 3645 1614 3729; x_wconf 79' lang='lat' dir='ltr'>et</span> <span class='ocrx_word' id='word_1_267' title='bbox 1661 3655 1828 3733; x_wconf 72' lang='lat' dir='ltr'>non</span> <span class='ocrx_word' id='word_1_268' title='bbox 1886 3625 2399 3729; x_wconf 63' lang='lat' dir='ltr'>revelantes»,</span> <span class='ocrx_word' id='word_1_269' title='bbox 2470 3656 2606 3709; x_wconf 86' lang='lat' dir='ltr'>eos</span> <span class='ocrx_word' id='word_1_270' title='bbox 2658 3627 2742 3707; x_wconf 89' lang='lat' dir='ltr'>in</span> <span class='ocrx_word' id='word_1_271' title='bbox 2809 3625 3331 3709; x_wconf 84' lang='lat' dir='ltr'>Provinciam</span> <span class='ocrx_word' id='word_1_272' title='bbox 3419 3619 3774 3708; x_wconf 87' lang='lat' dir='ltr'>ferentes</span> <span class='ocrx_word' id='word_1_273' title='bbox 3811 3668 3862 3734; x_wconf 76' lang='lat'>‚=</span> 
     </span>
     <span class='ocr_line' id='line_1_28' title="bbox 442 3737 3839 3863; baseline 0.002 -41"><span class='ocrx_word' id='word_1_274' title='bbox 442 3756 529 3822; x_wconf 87' lang='lat' dir='ltr'>et</span> <span class='ocrx_word' id='word_1_275' title='bbox 579 3737 1157 3846; x_wconf 85' lang='lat' dir='ltr'>intrudentes,</span> <span class='ocrx_word' id='word_1_276' title='bbox 1224 3770 1682 3861; x_wconf 85' lang='lat' dir='ltr'>eorumque</span> <span class='ocrx_word' id='word_1_277' title='bbox 1759 3746 2325 3850; x_wconf 75' lang='lat' dir='ltr'>auxiliatores,</span> <span class='ocrx_word' id='word_1_278' title='bbox 2395 3748 2765 3833; x_wconf 86' lang='lat' dir='ltr'>conscios</span> <span class='ocrx_word' id='word_1_279' title='bbox 2817 3809 2839 3850; x_wconf 92' lang='lat'>,</span> <span class='ocrx_word' id='word_1_280' title='bbox 2908 3766 2990 3829; x_wconf 92' lang='lat' dir='ltr'>et</span> <span class='ocrx_word' id='word_1_281' title='bbox 3052 3746 3483 3855; x_wconf 86' lang='lat' dir='ltr'>participes</span> <span class='ocrx_word' id='word_1_282' title='bbox 3563 3746 3839 3863; x_wconf 88' lang='lat' dir='ltr'>inqui-</span> 
     </span>
     <span class='ocr_line' id='line_1_29' title="bbox 351 3856 3863 3978; baseline 0.003 -38"><span class='ocrx_word' id='word_1_283' title='bbox 351 3870 362 3883; x_wconf 89' lang='grc'><em>“</em></span> <span class='ocrx_word' id='word_1_284' title='bbox 441 3887 678 3964; x_wconf 82' lang='lat' dir='ltr'>rere,</span> <span class='ocrx_word' id='word_1_285' title='bbox 745 3883 993 3978; x_wconf 91' lang='lat' dir='ltr'>atque</span> <span class='ocrx_word' id='word_1_286' title='bbox 1054 3859 1549 3951; x_wconf 87' lang='lat' dir='ltr'>denuntiare</span> <span class='ocrx_word' id='word_1_287' title='bbox 1586 3928 1610 3971; x_wconf 90' lang='lat'>,</span> <span class='ocrx_word' id='word_1_288' title='bbox 1677 3867 2028 3952; x_wconf 83' lang='lat' dir='ltr'>verbum</span> <span class='ocrx_word' id='word_1_289' title='bbox 2093 3864 2501 3952; x_wconf 77' lang='lat' dir='ltr'>Divinum</span> <span class='ocrx_word' id='word_1_290' title='bbox 2538 3929 2561 3971; x_wconf 88' lang='lat'>,</span> <span class='ocrx_word' id='word_1_291' title='bbox 2628 3886 2712 3952; x_wconf 87' lang='lat' dir='ltr'>et</span> <span class='ocrx_word' id='word_1_292' title='bbox 2775 3856 3014 3949; x_wconf 86' lang='lat' dir='ltr'>Fidei</span> <span class='ocrx_word' id='word_1_293' title='bbox 3065 3860 3444 3973; x_wconf 84' lang='lat' dir='ltr'>dogmata</span> <span class='ocrx_word' id='word_1_294' title='bbox 3503 3862 3863 3975; x_wconf 75' lang='lat' dir='ltr'>ubivi5‚·</span> 
     </span>
     <span class='ocr_line' id='line_1_30' title="bbox 444 3974 3842 4102; baseline 0.004 -43"><span class='ocrx_word' id='word_1_295' title='bbox 444 3998 529 4060; x_wconf 89' lang='lat' dir='ltr'>et</span> <span class='ocrx_word' id='word_1_296' title='bbox 579 3981 824 4063; x_wconf 82' lang='lat' dir='ltr'>etiam</span> <span class='ocrx_word' id='word_1_297' title='bbox 914 4011 1010 4073; x_wconf 81' lang='lat' dir='ltr'>ex</span> <span class='ocrx_word' id='word_1_298' title='bbox 1061 3982 1444 4075; x_wconf 74' lang='lat' dir='ltr'>cathedra</span> <span class='ocrx_word' id='word_1_299' title='bbox 1496 3974 1701 4102; x_wconf 78' lang='lat' dir='ltr'>(sic</span> <span class='ocrx_word' id='word_1_300' title='bbox 1753 4009 2023 4072; x_wconf 88' lang='lat' dir='ltr'>tamen</span> <span class='ocrx_word' id='word_1_301' title='bbox 2079 4048 2101 4090; x_wconf 92' lang='lat'>,</span> <span class='ocrx_word' id='word_1_302' title='bbox 2174 4009 2265 4069; x_wconf 89' lang='lat' dir='ltr'>ut</span> <span class='ocrx_word' id='word_1_303' title='bbox 2319 3984 2955 4073; x_wconf 88' lang='lat' dir='ltr'>Ordinariorum</span> <span class='ocrx_word' id='word_1_304' title='bbox 3043 4015 3208 4069; x_wconf 89' lang='lat' dir='ltr'>non</span> <span class='ocrx_word' id='word_1_305' title='bbox 3265 3978 3842 4075; x_wconf 85' lang='lat' dir='ltr'>disturbentur</span> 
     </span>
     <span class='ocr_line' id='line_1_31' title="bbox 444 4094 3840 4219; baseline 0.004 -39"><span class='ocrx_word' id='word_1_306' title='bbox 444 4094 1074 4185; x_wconf 85' lang='lat' dir='ltr'>Ecclesiasticae</span> <span class='ocrx_word' id='word_1_307' title='bbox 1140 4099 1662 4207; x_wconf 81' lang='lat' dir='ltr'>functiones,</span> <span class='ocrx_word' id='word_1_308' title='bbox 1728 4108 1939 4190; x_wconf 89' lang='lat' dir='ltr'>intra</span> <span class='ocrx_word' id='word_1_309' title='bbox 2008 4108 2201 4219; x_wconf 81' lang='lat' dir='ltr'>ipsis</span> <span class='ocrx_word' id='word_1_310' title='bbox 2251 4105 2772 4218; x_wconf 83' lang='lat' dir='ltr'>designatum</span> <span class='ocrx_word' id='word_1_311' title='bbox 2829 4104 3296 4191; x_wconf 85' lang='lat' dir='ltr'>districtum</span> <span class='ocrx_word' id='word_1_312' title='bbox 3372 4099 3691 4188; x_wconf 86' lang='lat' dir='ltr'>tradere</span> <span class='ocrx_word' id='word_1_313' title='bbox 3743 4106 3840 4194; x_wconf 90' lang='lat' dir='ltr'>li-</span> 
     </span>
     <span class='ocr_line' id='line_1_32' title="bbox 450 4216 3841 4344; baseline 0.004 -43"><span class='ocrx_word' id='word_1_314' title='bbox 450 4216 659 4332; x_wconf 86' lang='lat' dir='ltr'>cet)</span> <span class='ocrx_word' id='word_1_315' title='bbox 707 4221 1259 4329; x_wconf 84' lang='lat' dir='ltr'>poenitentiae</span> <span class='ocrx_word' id='word_1_316' title='bbox 1339 4224 1957 4310; x_wconf 83' lang='lat' dir='ltr'>Sacramentum</span> <span class='ocrx_word' id='word_1_317' title='bbox 2042 4227 2077 4344; x_wconf 94' lang='lat'><strong>(</strong></span> <span class='ocrx_word' id='word_1_318' title='bbox 2130 4227 2293 4311; x_wconf 88' lang='lat' dir='ltr'>sola</span> <span class='ocrx_word' id='word_1_319' title='bbox 2360 4226 2693 4341; x_wconf 89' lang='lat' dir='ltr'>dempta</span> <span class='ocrx_word' id='word_1_320' title='bbox 2748 4220 3709 4311; x_wconf 79' lang='lat' dir='ltr'>confessione-paschali</span> <span class='ocrx_word' id='word_1_321' title='bbox 3773 4234 3841 4314; x_wconf 91' lang='lat' dir='ltr'>si</span> 
     </span>
     <span class='ocr_line' id='line_1_33' title="bbox 445 4336 3840 4461; baseline 0.003 -38"><span class='ocrx_word' id='word_1_322' title='bbox 445 4337 820 4424; x_wconf 86' lang='lat' dir='ltr'>locorum</span> <span class='ocrx_word' id='word_1_323' title='bbox 876 4336 1284 4427; x_wconf 87' lang='lat' dir='ltr'>Curiones</span> <span class='ocrx_word' id='word_1_324' title='bbox 1336 4343 1547 4428; x_wconf 89' lang='lat' dir='ltr'>ultra</span> <span class='ocrx_word' id='word_1_325' title='bbox 1590 4376 1752 4427; x_wconf 88' lang='lat' dir='ltr'>non</span> <span class='ocrx_word' id='word_1_326' title='bbox 1809 4345 2279 4461; x_wconf 82' lang='lat' dir='ltr'>annuant);</span> <span class='ocrx_word' id='word_1_327' title='bbox 2322 4350 2932 4435; x_wconf 86' lang='lat' dir='ltr'>Sacrosanctam</span> <span class='ocrx_word' id='word_1_328' title='bbox 2987 4374 3182 4437; x_wconf 75' lang='lat' dir='ltr'>vero</span> <span class='ocrx_word' id='word_1_329' title='bbox 3232 4340 3840 4435; x_wconf 85' lang='lat' dir='ltr'>Eucharistiam</span> 
     </span>
     <span class='ocr_line' id='line_1_34' title="bbox 446 4461 3838 4581; baseline 0.004 -38"><span class='ocrx_word' id='word_1_330' title='bbox 446 4461 533 4544; x_wconf 90' lang='lat' dir='ltr'>in</span> <span class='ocrx_word' id='word_1_331' title='bbox 589 4461 983 4573; x_wconf 84' lang='lat' dir='ltr'>proprio,</span> <span class='ocrx_word' id='word_1_332' title='bbox 1050 4461 1185 4547; x_wconf 86' lang='lat' dir='ltr'>vel</span> <span class='ocrx_word' id='word_1_333' title='bbox 1238 4472 1581 4548; x_wconf 77' lang='lat' dir='ltr'>ta&#39;ntum‘</span> <span class='ocrx_word' id='word_1_334' title='bbox 1660 4463 2075 4553; x_wconf 84' lang='lat' dir='ltr'>Missionis</span> <span class='ocrx_word' id='word_1_335' title='bbox 2157 4468 2536 4573; x_wconf 83' lang='lat' dir='ltr'>Sacello,</span> <span class='ocrx_word' id='word_1_336' title='bbox 2602 4467 2797 4552; x_wconf 89' lang='lat' dir='ltr'>alibi</span> <span class='ocrx_word' id='word_1_337' title='bbox 2850 4496 3049 4552; x_wconf 79' lang='lat' dir='ltr'>vero</span> <span class='ocrx_word' id='word_1_338' title='bbox 3126 4466 3518 4569; x_wconf 88' lang='lat' dir='ltr'>nonnisi,</span> <span class='ocrx_word' id='word_1_339' title='bbox 3587 4495 3838 4581; x_wconf 89' lang='lat' dir='ltr'>quam</span> 
     </span>
     <span class='ocr_line' id='line_1_35' title="bbox 326 4577 3872 4696; baseline 0.001 -31"><span class='ocrx_word' id='word_1_340' title='bbox 326 4618 335 4627; x_wconf 48' lang='lat'>⁸</span> <span class='ocrx_word' id='word_1_341' title='bbox 446 4577 896 4668; x_wconf 88' lang='lat' dir='ltr'>accedente</span> <span class='ocrx_word' id='word_1_342' title='bbox 980 4584 1344 4695; x_wconf 89' lang='lat' dir='ltr'>ipsorum</span> <span class='ocrx_word' id='word_1_343' title='bbox 1409 4583 1876 4671; x_wconf 86' lang='lat' dir='ltr'>Curionum</span> <span class='ocrx_word' id='word_1_344' title='bbox 1942 4618 2342 4673; x_wconf 83' lang='lat' dir='ltr'>consensu</span> <span class='ocrx_word' id='word_1_345' title='bbox 2432 4585 3058 4690; x_wconf 85' lang='lat' dir='ltr'>administrare,</span> <span class='ocrx_word' id='word_1_346' title='bbox 3123 4590 3318 4673; x_wconf 84' lang='lat' dir='ltr'>item</span> <span class='ocrx_word' id='word_1_347' title='bbox 3373 4587 3692 4696; x_wconf 86' lang='lat' dir='ltr'>aegris,</span> <span class='ocrx_word' id='word_1_348' title='bbox 3760 4616 3872 4683; x_wconf 62' lang='lat' dir='ltr'>et,</span> 
     </span>
     <span class='ocr_line' id='line_1_36' title="bbox 442 4699 3868 4825; baseline 0.003 -41"><span class='ocrx_word' id='word_1_349' title='bbox 442 4699 974 4786; x_wconf 85' lang='lat' dir='ltr'>moribundis</span> <span class='ocrx_word' id='word_1_350' title='bbox 1027 4705 1408 4788; x_wconf 85' lang='lat' dir='ltr'>solatium</span> <span class='ocrx_word' id='word_1_351' title='bbox 1462 4737 1653 4791; x_wconf 88' lang='lat' dir='ltr'>cum</span> <span class='ocrx_word' id='word_1_352' title='bbox 1710 4707 2013 4792; x_wconf 81' lang='lat' dir='ltr'>auxilio</span> <span class='ocrx_word' id='word_1_353' title='bbox 2066 4706 2546 4820; x_wconf 81' lang='lat' dir='ltr'>impendere</span> <span class='ocrx_word' id='word_1_354' title='bbox 2596 4771 2619 4813; x_wconf 86' lang='lat'>,</span> <span class='ocrx_word' id='word_1_355' title='bbox 2687 4709 3012 4825; x_wconf 84' lang='lat' dir='ltr'>aliaque</span> <span class='ocrx_word' id='word_1_356' title='bbox 3061 4737 3447 4821; x_wconf 85' lang='lat' dir='ltr'>peragere</span> <span class='ocrx_word' id='word_1_357' title='bbox 3501 4712 3774 4797; x_wconf 87' lang='lat' dir='ltr'>omnia</span> <span class='ocrx_word' id='word_1_358' title='bbox 3812 4759 3868 4819; x_wconf 81' lang='lat'>·‚.</span> 
     </span>
     <span class='ocr_line' id='line_1_37' title="bbox 451 4820 3866 4943; baseline 0.003 -41"><span class='ocrx_word' id='word_1_359' title='bbox 451 4848 665 4932; x_wconf 90' lang='lat' dir='ltr'>quae</span> <span class='ocrx_word' id='word_1_360' title='bbox 718 4820 1253 4911; x_wconf 88' lang='lat' dir='ltr'>individuum</span> <span class='ocrx_word' id='word_1_361' title='bbox 1308 4826 1797 4911; x_wconf 88' lang='lat' dir='ltr'>Missionarii</span> <span class='ocrx_word' id='word_1_362' title='bbox 1856 4829 2302 4942; x_wconf 78' lang='lat' dir='ltr'>Apostolici</span> <span class='ocrx_word' id='word_1_363' title='bbox 2346 4861 2668 4915; x_wconf 82' lang='lat' dir='ltr'>-munus</span> <span class='ocrx_word' id='word_1_364' title='bbox 2731 4831 3026 4939; x_wconf 82' lang='lat' dir='ltr'>exigit,</span> <span class='ocrx_word' id='word_1_365' title='bbox 3093 4833 3275 4943; x_wconf 91' lang='lat' dir='ltr'>jure</span> <span class='ocrx_word' id='word_1_366' title='bbox 3340 4828 3866 4941; x_wconf 83' lang='lat' dir='ltr'>sepulturae,&#39;.</span> 
     </span>
     <span class='ocr_line' id='line_1_38' title="bbox 451 4936 2598 5065; baseline 0.006 -44"><span class='ocrx_word' id='word_1_367' title='bbox 451 4936 721 5022; x_wconf 81' lang='lat' dir='ltr'>aliove</span> <span class='ocrx_word' id='word_1_368' title='bbox 772 4969 1310 5061; x_wconf 87' lang='lat' dir='ltr'>quocumque</span> <span class='ocrx_word' id='word_1_369' title='bbox 1362 4946 1807 5058; x_wconf 85' lang='lat' dir='ltr'>parochiali</span> <span class='ocrx_word' id='word_1_370' title='bbox 1863 4980 2183 5063; x_wconf 85' lang='lat' dir='ltr'>semper</span> <span class='ocrx_word' id='word_1_371' title='bbox 2234 4973 2598 5065; x_wconf 63' lang='lat' dir='ltr'>excepta</span> 
     </span>
    </p>

    <p class='ocr_par' dir='ltr' id='par_1_4' title="bbox 368 5055 3852 5672">
     <span class='ocr_line' id='line_1_39' title="bbox 368 5055 3839 5190; baseline 0.005 -47"><span class='ocrx_word' id='word_1_372' title='bbox 368 5138 373 5143; x_wconf 89' lang='lat'><em>.</em></span> <span class='ocrx_word' id='word_1_373' title='bbox 480 5144 487 5151; x_wconf 78' lang='grc'><strong>,</strong></span> <span class='ocrx_word' id='word_1_374' title='bbox 568 5055 950 5143; x_wconf 89' lang='lat' dir='ltr'>Decimo.</span> <span class='ocrx_word' id='word_1_375' title='bbox 1018 5061 1134 5146; x_wconf 90' lang='lat' dir='ltr'>Et</span> <span class='ocrx_word' id='word_1_376' title='bbox 1185 5067 1379 5178; x_wconf 90' lang='lat' dir='ltr'>quia</span> <span class='ocrx_word' id='word_1_377' title='bbox 1456 5063 1562 5152; x_wconf 90' lang='lat' dir='ltr'>de</span> <span class='ocrx_word' id='word_1_378' title='bbox 1615 5066 2042 5180; x_wconf 83' lang='lat' dir='ltr'>Religione</span> <span class='ocrx_word' id='word_1_379' title='bbox 2093 5070 2311 5156; x_wconf 90' lang='lat' dir='ltr'>bene</span> <span class='ocrx_word' id='word_1_380' title='bbox 2387 5072 2690 5186; x_wconf 89' lang='lat' dir='ltr'>sperari</span> <span class='ocrx_word' id='word_1_381' title='bbox 2747 5100 2911 5154; x_wconf 85' lang='lat' dir='ltr'>non</span> <span class='ocrx_word' id='word_1_382' title='bbox 2979 5092 3296 5183; x_wconf 88' lang='lat' dir='ltr'>potest,</span> <span class='ocrx_word' id='word_1_383' title='bbox 3362 5070 3427 5151; x_wconf 88' lang='lat' dir='ltr'>si</span> <span class='ocrx_word' id='word_1_384' title='bbox 3507 5070 3628 5179; x_wconf 83' lang='lat' dir='ltr'>ii,</span> <span class='ocrx_word' id='word_1_385' title='bbox 3691 5077 3839 5190; x_wconf 88' lang='lat' dir='ltr'>qui</span> 
     </span>
     <span class='ocr_line' id='line_1_40' title="bbox 434 5175 3852 5296; baseline 0.004 -34"><span class='ocrx_word' id='word_1_386' title='bbox 434 5175 1025 5288; x_wconf 85' lang='lat' dir='ltr'>-Magistratum</span> <span class='ocrx_word' id='word_1_387' title='bbox 1091 5181 1770 5271; x_wconf 85' lang='lat' dir='ltr'>Ecclesiasticum</span> <span class='ocrx_word' id='word_1_388' title='bbox 1804 5253 1829 5296; x_wconf 93' lang='lat'>,</span> <span class='ocrx_word' id='word_1_389' title='bbox 1892 5189 2027 5275; x_wconf 87' lang='lat' dir='ltr'>vel</span> <span class='ocrx_word' id='word_1_390' title='bbox 2079 5189 2685 5278; x_wconf 86' lang='lat' dir='ltr'>Civilem·sunt</span> <span class='ocrx_word' id='word_1_391' title='bbox 2736 5194 3143 5296; x_wconf 83' lang='lat' dir='ltr'>assecuti,</span> <span class='ocrx_word' id='word_1_392' title='bbox 3198 5189 3852 5291; x_wconf 68' lang='lat' dir='ltr'>moribusscan-</span> 
     </span>
     <span class='ocr_line' id='line_1_41' title="bbox 449 5295 3842 5426; baseline 0.005 -43"><span class='ocrx_word' id='word_1_393' title='bbox 449 5295 709 5383; x_wconf 86' lang='lat' dir='ltr'>dalosi</span> <span class='ocrx_word' id='word_1_394' title='bbox 762 5301 983 5407; x_wconf 89' lang='lat' dir='ltr'>sint,</span> <span class='ocrx_word' id='word_1_395' title='bbox 1049 5322 1196 5388; x_wconf 87' lang='lat' dir='ltr'>aut</span> <span class='ocrx_word' id='word_1_396' title='bbox 1243 5303 1466 5390; x_wconf 86' lang='lat' dir='ltr'>vitiis</span> <span class='ocrx_word' id='word_1_397' title='bbox 1518 5306 1855 5420; x_wconf 87' lang='lat' dir='ltr'>publice</span> <span class='ocrx_word' id='word_1_398' title='bbox 1924 5330 2204 5423; x_wconf 82' lang='lat' dir='ltr'>tur&#39;pes</span> <span class='ocrx_word' id='word_1_399' title='bbox 2256 5375 2281 5419; x_wconf 96' lang='lat'>,</span> <span class='ocrx_word' id='word_1_400' title='bbox 2348 5335 2780 5426; x_wconf 87' lang='lat' dir='ltr'>eapropter</span> <span class='ocrx_word' id='word_1_401' title='bbox 2881 5335 3320 5397; x_wconf 86' lang='lat' dir='ltr'>teneantur</span> <span class='ocrx_word' id='word_1_402' title='bbox 3373 5314 3675 5422; x_wconf 88' lang='lat' dir='ltr'>pariter</span> <span class='ocrx_word' id='word_1_403' title='bbox 3757 5316 3842 5400; x_wconf 90' lang='lat' dir='ltr'>in</span> 
     </span>
     <span class='ocr_line' id='line_1_42' title="bbox 445 5422 3852 5548; baseline 0.004 -43"><span class='ocrx_word' id='word_1_404' title='bbox 445 5422 704 5505; x_wconf 76' lang='lat' dir='ltr'>vitam</span> <span class='ocrx_word' id='word_1_405' title='bbox 759 5482 784 5525; x_wconf 88' lang='lat'>,</span> <span class='ocrx_word' id='word_1_406' title='bbox 852 5445 937 5506; x_wconf 90' lang='lat' dir='ltr'>et</span> <span class='ocrx_word' id='word_1_407' title='bbox 1012 5453 1289 5511; x_wconf 24' lang='lat' dir='ltr'>mores*</span> <span class='ocrx_word' id='word_1_408' title='bbox 1367 5456 1531 5525; x_wconf 87' lang='lat' dir='ltr'>non</span> <span class='ocrx_word' id='word_1_409' title='bbox 1622 5426 1872 5513; x_wconf 88' lang='lat' dir='ltr'>modo</span> <span class='ocrx_word' id='word_1_410' title='bbox 1946 5428 2476 5520; x_wconf 86' lang='lat' dir='ltr'>subditorum</span> <span class='ocrx_word' id='word_1_411' title='bbox 2527 5434 2718 5544; x_wconf 86' lang='lat' dir='ltr'>ipsis</span> <span class='ocrx_word' id='word_1_412' title='bbox 2805 5429 3080 5548; x_wconf 85' lang='lat' dir='ltr'>quoad</span> <span class='ocrx_word' id='word_1_413' title='bbox 3149 5431 3557 5517; x_wconf 86' lang='lat' dir='ltr'>Missionis</span> <span class='ocrx_word' id='word_1_414' title='bbox 3609 5435 3852 5521; x_wconf 81' lang='lat' dir='ltr'>mini·</span> 
     </span>
     <span class='ocr_line' id='line_1_43' title="bbox 451 5543 3850 5672; baseline 0.006 -49"><span class='ocrx_word' id='word_1_415' title='bbox 451 5543 792 5625; x_wconf 88' lang='lat' dir='ltr'>sterium</span> <span class='ocrx_word' id='word_1_416' title='bbox 889 5546 1572 5657; x_wconf 86' lang='lat' dir='ltr'>commissorum,</span> <span class='ocrx_word' id='word_1_417' title='bbox 1639 5546 1785 5634; x_wconf 90' lang='lat' dir='ltr'>sed</span> <span class='ocrx_word' id='word_1_418' title='bbox 1850 5572 1935 5637; x_wconf 88' lang='lat' dir='ltr'>et</span> <span class='ocrx_word' id='word_1_419' title='bbox 2002 5583 2287 5639; x_wconf 88' lang='lat' dir='ltr'>eorum</span> <span class='ocrx_word' id='word_1_420' title='bbox 2328 5617 2351 5660; x_wconf 92' lang='lat'>,</span> <span class='ocrx_word' id='word_1_421' title='bbox 2420 5554 2727 5672; x_wconf 89' lang='lat' dir='ltr'>quibus</span> <span class='ocrx_word' id='word_1_422' title='bbox 2781 5556 2929 5666; x_wconf 86' lang='lat' dir='ltr'>ipsi</span> <span class='ocrx_word' id='word_1_423' title='bbox 3010 5548 3317 5637; x_wconf 84' lang='lat' dir='ltr'>subditi</span> <span class='ocrx_word' id='word_1_424' title='bbox 3412 5554 3624 5641; x_wconf 88' lang='lat' dir='ltr'>intra</span> <span class='ocrx_word' id='word_1_425' title='bbox 3706 5552 3850 5643; x_wconf 79' lang='lat' dir='ltr'>de-</span> 
     </span>
    </p>
   </div>
   <div class='ocr_carea' id='block_1_2' title="bbox 452 5658 3850 5793">
    <p class='ocr_par' dir='ltr' id='par_1_5' title="bbox 452 5658 3850 5793">
     <span class='ocr_line' id='line_1_44' title="bbox 452 5658 3850 5793; baseline 0.007 -52"><span class='ocrx_word' id='word_1_426' title='bbox 452 5658 876 5771; x_wconf 84' lang='lat' dir='ltr'>signatum</span> <span class='ocrx_word' id='word_1_427' title='bbox 938 5662 1405 5761; x_wconf 83' lang='lat' dir='ltr'>districtum</span> <span class='ocrx_word' id='word_1_428' title='bbox 1471 5696 1618 5793; x_wconf 79' lang='lat' dir='ltr'>per</span> <span class='ocrx_word' id='word_1_429' title='bbox 1669 5665 2248 5765; x_wconf 87' lang='lat' dir='ltr'>demandatam</span> <span class='ocrx_word' id='word_1_430' title='bbox 2303 5709 2345 5763; x_wconf 85' lang='lat' dir='ltr'>a</span> <span class='ocrx_word' id='word_1_431' title='bbox 2399 5674 2642 5764; x_wconf 85' lang='lat' dir='ltr'>nobis</span> <span class='ocrx_word' id='word_1_432' title='bbox 2702 5670 3359 5791; x_wconf 85' lang='lat' dir='ltr'>jurisdictionem</span> <span class='ocrx_word' id='word_1_433' title='bbox 3433 5674 3850 5788; x_wconf 85' lang='lat' dir='ltr'>subsunt,</span> 
     </span>
    </p>
   </div>
  </div>
 </body>
</html>
