4834 6409
1069 466 1248 692 ἕξ
1288 599 1704 723 quidquid
1753 605 1837 688 in
1879 600 2184 691 ‘eadem
2234 603 2897 720 Congregatione
2948 603 3261 693 factum
3311 599 3590 692 fuerit.
3642 599 3957 688 Datum
4016 602 4105 686 in
4152 598 4455 687 Mona-

1073 728 1321 814 sterio
1371 723 1473 808 N.
1529 752 1749 810 anuo
1796 723 1902 810 N.
1962 746 2240 813 mense
2291 726 2395 812 N.
2453 726 2593 815 die
2640 728 2741 812 N.
2808 729 3192 840 sigillum
3252 722 3360 828 >F
3411 723 3855 813 Officii-N.
3914 721 4455 813 AbbastPro·

1022 875 1030 884 ·
1072 849 1400 955 vinciae
1453 846 1612 936 vel
1669 845 2162 935 Monasterii
2195 848 2321 932 -Ν,
3931 884 3943 899 ·

2477 1085 2564 1170 C·
2615 1089 2715 1172 A=
2757 1087 2848 1170 P.
2965 1086 3003 1170 Ι
3010 1089 3070 1171 Ι.

1526 1332 1665 1415 De
1724 1329 2157 1473 {flectione
2223 1327 2584 1413 Abbatis
2654 1328 3095 1414 Generalis
3144 1349 3221 1414 et
3276 1334 3988 1454 Hegumenortnn.

1204 1569 1269 1651 Ι.
1341 1572 1563 1656 Ante
1641 1570 2129 1657 electionem
2211 1571 2591 1681 legantur
2668 1568 3326 1660 Constitutiones
3388 1569 3495 1660 de
3573 1570 3985 1690 requisitis
4052 1562 4473 1677 eligendo-

1086 1721 1327 1795 rum,
1402 1690 1675 1808 deque
1737 1720 2024 1774 eorum
2081 1687 2414 1775 Officio.
2504 1690 2608 1774 ΙΙ.
2661 1689 2931 1774 Nemo
2994 1717 3264 1805 potest
3333 1697 3415 1780 in
3474 1689 4467 1795 Abbatem·Geueralem,

1091 1834 1236 1894 aut
1292 1812 1878 1921 Hegumenum
1933 1811 2119 1920 eligi
2175 1874 2198 1916 ,
2266 1814 2422 1896 nisi
2478 1812 3014 1923 compleverit
3062 1844 3373 1898 annum
3426 1816 3709 1901 aetatis
3776 1814 4341 1922 trigesimum,
4390 1832 4475 1895 et

1090 1961 1404 2014 annum
1459 1937 1544 2014 in
1598 1953 1880 2014 nostro
1921 1929 2244 2017 Ordine
2283 1955 2671 2017 octavum
2712 1928 3053 2047 quidem
3104 1934 3392 2020 Abbas
3438 1933 3909 2035 GeneraliS,
3963 1938 4280 2019 sextum
4332 1958 4474 2014 ve·

1085 2080 1187 2152 ro
1237 2050 1803 2162 Hegumenus.
1859 2049 2014 2133 Ill.
2068 2053 2395 2136 Electio
2450 2054 2682 2138 nullo
2738 2048 2984 2134 modo
3036 2047 3176 2135 fiat
3238 2086 3386 2171 per
3437 2056 3903 2141 absentium
3943 2116 3970 2159 ,
4034 2046 4179 2137 sed
4229 2079 4478 2163 prae-

1089 2173 1448 2256 sentium
1501 2169 1922 2256 dumtaxat
1972 2171 2357 2282 suffragia
2408 2237 2431 2278 ,
2500 2203 2764 2290 eaque
2816 2193 3121 2256 secreta
3173 2178 3389 2281 sint,
3455 2206 3620 2289 nou
3671 2174 4115 2289 publicatis
4164 2171 4476 2280 eligen-

1090 2294 1302 2375 tium
1381 2291 2098 2377 nominibus.·IV.
2170 2293 2264 2376 In
2320 2294 2505 2378 loco
2580 2323 2730 2406 pro
2797 2293 3202 2382 electione
3264 2293 3663 2409 deputato
3728 2292 4146 2379 Aedituus
4216 2295 4477 2379 Aram

1091 2414 1533 2496 maximam
1571 2472 1594 2516 ,
1663 2412 1811 2495 ubi
1860 2412 2335 2499 venerabile
2385 2412 2958 2497 Eucharistiae
3034 2412 3657 2501 Sacramentum
3727 2418 3814 2497 in
3885 2410 4234 2499 Ciborio
4283 2438 4480 2494 con·
4523 2470 4531 2477 ·

1100 2528 1368 2615 ditum
1441 2533 1843 2646 prostabit
1885 2594 1915 2638 ,
1980 2536 2509 2636 solemniori,
2558 2563 2812 2648 quam
2882 2534 2966 2613 in
3033 2540 3302 2646 primo
3365 2534 3647 2620 triduo
3716 2531 4405 2645 Congregationis
4450 2586 4475 2631 ,

1103 2656 1271 2736 ritu
1337 2655 1709 2737 instruat.
1766 2653 2032 2767 Super
2067 2656 2330 2740 Altari
2369 2677 2563 2738 ante
2611 2652 3057 2739 Ciborium=
3098 2657 3255 2740 alta
3296 2654 3527 2739 Crux
3578 2655 4063 2756 collocetur,
4097 2681 4233 2736 sex
4268 2647 4483 2732 hinc

1087 2769 1296 2856 inde
1346 2768 1708 2859 accensis
1764 2771 2152 2858 candelis.
2223 2776 2302 2858 A
2374 2771 2675 2858 dextris
2728 2771 3023 2856 Crucis
3091 2776 3742 2887 Evangeliorum
3806 2772 4062 2860 codex
4123 2772 4482 2886 pretioso

1095 2893 1287 2978 velo
1338 2918 1827 3007 coopertuS,
1880 2928 1921 2977 a
1974 2895 2320 2978 sinistris
2367 2925 2566 2979 vero
2631 2894 2912 3002 Imago
2944 2955 2969 2999 ,
3034 2901 3207 2981 sive
3258 2894 3685 3013 Reliquiae
3734 2896 3820 2979 S.
3899 2895 4159 2979 Patris
4222 2889 4484 2974 nostri

1089 3014 1510 3118 Antonii,
1578 3032 1678 3099 et·
1711 3011 1994 3099 Codex
2053 3012 2413 3123 Regulae
2492 3045 2679 3098 cum
2736 3012 3517 3100 Constitutionibus.
3590 3010 3814 3101 Infra
3879 3015 4164 3100 Altare
4214 3008 4320 3094 ad
4374 3009 4485 3092 la-

1093 3154 1231 3216 tus
1284 3131 1710 3217 dexterum
1769 3156 2125 3246 ponatur
2186 3164 2518 3238 mensa,
2587 3139 2807 3248 juxta
2876 3164 3125 3252 quam
3177 3133 3571 3222 assidebit
3633 3136 3948 3236 scriba,
4001 3166 4142 3220 seu
4200 3132 4483 3214 Secre·
4538 3138 4545 3145 '

1033 3354 1042 3361 ι
1095 3255 1355 3336 tarius
1384 3296 1432 3358 ,·
1464 3257 1608 3370 qui
1662 3252 1847 3337 data
1901 3252 2279 3339 servandi
2333 3258 2620 3339 secreti
2676 3251 2843 3339 fide
2894 3256 3114 3342 solus
3176 3278 3274 3341 ex
3356 3255 3742 3342 Patribus
3809 3284 3975 3340 non
4022 3250 4485 3337 vocalibus

1102 3372 1188 3455 in
1243 3370 1985 3483 Congregationem
2041 3370 2638 3458 introducetur.
2699 3379 2979 3487 Super·
3015 3406 3379 3463 mensam
3440 3408 3583 3463 vas
3620 3439 3643 3481 ,
3697 3407 3840 3463 seu
3888 3374 4169 3461 arcula
4235 3368 4487 3456 collo·

1109 3512 1402 3598 cetur,
1471 3496 1556 3576 in
1622 3522 1872 3609 quam
1925 3493 2031 3578 ab
2098 3493 2631 3581 Electoribus
2692 3492 3136 3583 schedulae
3218 3493 3727 3583 emittendae
3803 3492 4266 3587 erunt..Sic
4342 3520 4490 3573 au·

1101 3634 1271 3696 tem
1347 3610 1856 3720 fabricetur,
1924 3636 2017 3697 ut
2079 3612 2483 3701 demissae
2545 3645 2593 3697 e
2658 3614 3061 3729 superiori
3125 3614 3471 3702 orificio‘
3533 3613 3984 3702 schedulae
4036 3612 4292 3699 dilabi
4346 3633 4493 3694 aut

1101 3732 1421 3817 ‘extrahi
1476 3759 1935 3850 nequeant,
1975 3731 2244 3820 donec
2305 3732 2734 3819 functione
2789 3760 3109 3849 peracta
3160 3736 3527 3848 legitime
3580 3770 3622 3823 a
3675 3734 4268 3848 Cognitoribus
4317 3727 4488 3814 suf-

1105 3849 1552 3963 fragiorum
1608 3879 2035 3940 reseretur.
2091 3855 2474 3940 Alterum
2516 3854 3119 3969 praeterea'vas
3167 3861 3377 3941 intra
3433 3854 3873 3944 Cancellos
3924 3855 4225 3941 Altaris
4254 3873 4493 3966 prae-

1103 3997 1442 4087 paretur
1492 4004 1704 4092 aqua
1767 3978 2224 4088 oppletum,
2281 3978 2362 4058 in
2418 3970 2649 4095 quod
2699 3973 3141 4063 schedulae
3188 3975 3656 4091 praedictae
3720 3977 3995 4063 statim
4046 3975 4486 4089 proiician·

1101 4116 1268 4177 tur.
1343 4095 1445 4178 V.
1502 4092 1932 4181 Habeatur
1995 4096 2282 4180 Sermo
2333 4097 2893 4208 paraeneticus
2945 4095 3047 4184 ad
3100 4098 3741 4213 Electoresper
3801 4094 4295 4181 semihoram
4378 4088 4489 4177 cle
4572 4156 4585 4160 ψ

1099 4211 1493 4325 ‘eligendo
1545 4212 1922 4323 digniori·
1964 4214 2295 4301 Abbate
2346 4214 2735 4301 Generali
2786 4280 2814 4320 ,
2880 4215 3565 4336 dignioribusque
3618 4218 4158 4329 Hegumenis,
4214 4211 4491 4328 deque

1109 4333 1520 4420 Votorum
1592 4338 2125 4420 renovatione
2175 4332 2775 4449 praemittenda
2826 4338 2930 4420 ab
2981 4338 3394 4423 omnibus.
3426 4338 3581 4421 Vt.
3637 4338 4041 4425 Absoluta
4095 4363 4488 4448 paraene-

1113 4458 1235 4561 si,
1291 4454 1589 4542 ‘Abbas
1651 4454 2078 4541 Generalis
2130 4518 2151 4560 ,
2217 4477 2302 4540 et
2369 4477 2728 4576 quatuor
2805 4458 3272 4571 Hegumeni
3339 4458 3539 4543 hinc
3620 4455 3815 4543 inde
3897 4453 4005 4542 ad
4071 4456 4493 4542 dexteram

1116 4577 1602 4692 laevamque
1654 4578 1904 4689 ipsius
1951 4598 2141 4660 ante
2198 4598 2517 4689 portam
2569 4573 2927 4664 mediam
2985 4583 3066 4662 in
3121 4610 3387 4690 genua
3440 4576 3905 4694 procident,
3940 4600 4027 4663 et
4083 4606 4292 4689 pene
4342 4571 4493 4657 hos

1115 4698 1742 4780 provinciarum
1782 4756 1804 4800 ,
1858 4694 2718 4813 Monasteriorumque
2776 4700 3200 4803 Abbates,
3268 4697 3575 4784 deinde
3618 4699 3957 4815 ‘reliqui
4032 4694 4420 4781 Monachi
4466 4758 4494 4796 ,

1113 4816 1573 4909 secundum
1628 4818 2200 4932 antiquitatem
2250 4820 2626 4930 propriae
2688 4819 3234 4931 professionis,
3299 4821 3725 4904 Postremo
3770 4818 4071 4923 scriba,
4123 4848 4272 4902 seu
4327 4815 4488 4899 Se·-

1107 4943 1539 5041 ·creta,riuS,
1608 4961 1692 5022 et
1742 4935 2181 5042 Aedituus»,
2235 4935 2471 5020 etad
2524 4960 2837 5050 portam
2903 4939 3243 5022 Janitor.
3306 4940 3499 5022 Vll.
3586 4941 4001 5056 Sequatur
4078 4938 4494 5021 V-otorum

1114 5063 1540 5151 renovatio
1577 5124 1601 5166 ,
1657 5057 1992 5144 Abbate
2068 5052 2455 5141 General'i
2489 5057 3211 5170 ‚ret-Hegumenis
3262 5060 3851 5173 praeeuntibus
3905 5122 3929 5164 ,
3995 5054 4303 5145 deinde
4371 5085 4498 5138 re-

1115 5185 1364 5302 liquis
1414 5178 1657 5264 simul
1728 5178 2420 5295 prosequentibus
2483 5173 2586 5261 de
2658 5180 2910 5263 verbo
2978 5177 3081 5263 ad
3150 5180 3559 5284 verbum,
3626 5203 3708 5265 et
3759 5210 3953 5263 cum
4002 5211 4252 5291 pausa
4306 5239 4329 5282 ,
4400 5196 4499 5257 ut

1115 5333 1358 5415 supra
1411 5300 1589 5386 Par.
1647 5297 1754 5380 II.
1797 5297 2000 5413 Cap.
2052 5297 2205 5381 Xl.
2263 5296 2493 5413 Vlll.
2551 5298 2829 5383 Abbas
2877 5299 3306 5389 Generalis
3356 5299 3725 5384 absoluta
3775 5299 4184 5384 Votorum
4260 5326 4501 5380 reuo-

1099 5426 1510 5527 ‘vatione,
1579 5422 2100 5504 Beatissimae
2160 5408 2518 5528 Virginis
2582 5410 2897 5507 Mariae
2979 5421 3347 5505 Lita³uias
3398 5452 3586 5505 cum
3664 5444 3913 5505 cautu
3994 5415 4418 5504 inchoabit
4469 5451 4489 5496 ι

1115 5542 1422 5664 quibus
1476 5541 1727 5627 finitis
1775 5605 1805 5645 ,
1874 5539 2197 5624 Fratres
2252 5537 2695 5624 admoneat
2733 5558 2783 5644 ,“
2829 5567 2920 5628 ut
2973 5542 3989 5656 praemissocontritionis
4050 5562 4234 5624 actu
4274 5599 4297 5641 ,
4364 5539 4497 5619 in·

1116 5668 1574 5754 tentionem
1638 5665 1939 5778 pariter
2006 5679 2310 5746 rectam
2382 5658 2689 5752 habere
2759 5661 3199 5767 studeant,
3267 5654 3682 5779 simulque
3754 5658 4496 5766 omnes·Domini-
