4834 6409
3645 443 3817 530 331

436 601 592 686 pus
645 571 728 655 in
772 563 1303 673 Civitatibus,
1335 566 1509 651 sine
1557 563 1892 652 licentia
1926 565 2118 657 Rr‘iii·
2142 567 2485 655 Domini
2516 560 3065 668 patriarchae,
3099 585 3184 650 et
3210 563 3615 681 Episcopi
3672 565 3831 679 Or·

447 689 743 777 dinarii
788 726 804 771 :
878 693 962 774 in
1011 691 1239 802 pagis
1299 712 1498 773 vero
1533 750 1562 790 ,
1611 698 1736 772 'ac
1798 695 2270 798 praesertim
2337 692 2422 772 in
2472 688 2678 772 'locis
2750 684 3255 793 Monasterio
3341 687 3752 797 contiguis
3801 748 3830 786 ,

441 832 788 926 possunt
823 872 851 916 ,
918 811 984 894 si
1034 806 1500 921 Episcopus
1551 809 1906 894 voluerit
1943 852 1993 915 ,·
2023 809 2127 895 ad
2183 834 2505 922 tempus
2554 806 2936 921 supplere
2985 806 3477 917 absentiam,
3515 808 3650 895 vel
3698 803 3839 892 de·

441 928 754 1016 fectum
839 929 1398 1015 Parochorum
1450 991 1475 1034 ,
1552 928 2078 1017 Sacramenta
2163 931 2616 1017 necessaria
2701 923 3356 1013 administrando
3405 989 3429 1033 ,
3512 927 3842 1013 concio·

444 1048 748 1156 nando,
790 1076 871 1136 et
924 1049 1387 1135 catecheses
1441 1047 1844 1135 faciendo.
1897 1050 2001 1133 V.
2058 1047 2508 1161 Quomodo
2560 1070 2837 1134 autem
2889 1046 3283 1133 Monachi
3338 1060 3551 1157 cums
3600 1047 3837 1131 Prin·
3888 1137 3893 1142 ,

443 1172 820 1285 cipibus,
895 1192 978 1256 et
1027 1170 1579 1255 Potestatibus
1645 1160 1948 1253 sae'culi
2001 1205 2085 1259 se
2147 1201 2429 1285 gerere
2491 1167 2906 1273 debeant,
2970 1190 3255 1253 monet
3321 1167 3768 1283 Apostolus
3809 1229 3834 1273 ‚

445 1293 884 1407 inquiens:
969 1292 1269 1375 Omnis
1336 1294 1631 1372 anima
1711 1291 2271 1376 Potestatibus
2338 1289 2964 1375 sublimioribus
3037 1285 3375 1372 subdita
3432 1292 3611 1392 sit,
3671 1318 3839 1372 non

442 1411 716 1494 solum
758 1429 1100 1525 propter
1166 1415 1387 1495 iram
1420 1474 1442 1515 ‚
1474 1408 1644 1493 ,sed
1688 1415 1947 1493 etz‘am
2004 1431 2346 1525 propter
2395 1412 3050 1518 conscientiam3
3101 1438 3258 1492 nec
3319 1418 3649 1492 tantum
3701 1412 3835 1492 ho·

440 1535 628 1637 nis,
682 1549 766 1613 ct
815 1529 1204 1615 modestis
1239 1596 1269 1635 ,
1319 1528 1468 1613 sed
1512 1536 1770 1613 etiam
1833 1531 2221 1646 dyscolis.
2293 1526 2675 1617 Reddere
2735 1551 3012 1615 autem
3076 1529 3485 1642 jubemur
3561 1533 3828 1614 omni-

444 1650 607 1736 bus
658 1646 967 1758 debita,
1021 1655 1167 1734 cui
1213 1652 1625 1734 tributum
1663 1713 1685 1754 ,
1739 1650 2203 1737 tributum:
2261 1657 2406 1748 cui
2465 1649 2830 1768 vectigal
2857 1713 2880 1754 ,
2934 1648 3339 1766 vectigal:
3394 1652 3543 1732 cui
3586 1654 3831 1761 timo-

440 1803 620 1854 rem
652 1835 675 1878 ,
731 1768 1172 1855 timorem:
1230 1772 1375 1854 cui
1421 1771 1841 1876 honorem,
1894 1775 2310 1858 honorem.
2358 1775 2442 1856 Si
2499 1802 2746 1887 quem
2815 1773 3063 1880 igitur
3113 1771 3591 1882 Principum
3665 1801 3834 1857 sae-

443 1892 850 1995 cularium
907 1895 1344 2004 contigerit
1408 1889 1508 1976 ad
1593 1914 1860 1977 nostra
1919 1895 2415 1980 Monasteria
2468 1889 2931 1996 divertere,
2995 1892 3348 1976 maxime
3397 1897 3461 1972 si
3530 1888 3839 1979 Fidelis

447 2008 695 2097 fuerit
731 2075 755 2117 ,
810 2014 1032 2097 omni
1091 2010 1405 2096 honore
1456 2012 1690 2107 illum
1746 2039 2375 2131 prosequantur.
2446 2012 2540 2095 In
2601 2013 2944 2122 negotiis
3012 2033 3289 2096 tamen
3349 2008 3840 2120 Magnatum

444 2163 972 2250 nequaquam
1046 2165 1131 2219 se
1204 2126 1640 2245 ing'e'rant3
1691 2131 1971 2218 Nemo
2019 2141 2246 2219 enim
2298 2133 2679 2217 militans
2730 2134 2947 2235 Dec,
3013 2130 3401 2244 implicat
3451 2154 3540 2215 se
3589 2142 3834 2250 nego·

441 2256 585 2341 tiis
634 2251 1263 2337 saecularibus:
1327 2280 1597 2373 neque
1664 2285 1986 2338 eorum·
2027 2257 2253 2339 aulas
2317 2253 2847 2369 frequentent
2882 2314 2906 2355 ‚
2979 2274 3121 2335 aut
3191 2252 3592 2336 amicitias
3646 2258 3839 2365 ‘atn-

446 2370 688 2456 biant
731 2409 754 2483 ;
825 2373 1286 2492 multoque·
1322 2378 1598 2458 minus
1649 2404 1935 2458 eorum
1989 2404 2231 2487 opera
2282 2438 2310 2478 ,
2378 2394 2523 2461 aut
2576 2374 3036 2486 patrocinio
3100 2370 3494 2472 adversus
3542 2371 3837 2459 Eccle-

451 2495 807 2577 siasticas
882 2492 1330 2580 Potestates
1383 2494 1778 2579 utantur:
1851 2497 1934 2579 Si
1988 2493 2194 2611 quid
2244 2526 2443 2579 vero
2506 2524 2697 2578 cum
2752 2495 2913 2577 iuis
2966 2495 3175 2578 circa
3226 2492 3446 2578 bona
3518 2513 3834 2608 tempo-

447 2612 641 2696 ralia
698 2613 1389 2700 Monasteriorum
1467 2610 1910 2723 agendum,
1966 2636 2110 2699 aut
2171 2608 2799 2726 transigendum
2848 2617 3053 2718 erit,
3108 2609 3209 2698 id
3260 2613 3367 2697 ab
3417 2611 3752 2698 Abbate
3790 2668 3830 2721 ·,

443 2755 589 2816 aut
643 2731 1130 2821 Oeconomo
1180 2738 1297 2818 sic
1349 2732 1493 2818 fiat
1527 2798 1555 2837 ,
1620 2755 1722 2815 ut
1764 2733 2225 2847 Religiosae
2295 2734 2787 2819 humilitatis
2856 2762 3288 2852 nunquam
3351 2732 3835 2842 obliviscan-

445 2862 603 2934 tur.
662 2851 984 2937 Curent
1045 2852 1408 2970 denique
1447 2916 1469 2959 ,
1526 2879 1930 2970 quantum
1986 2853 2156 2940 fieri
2213 2859 2515 2969 poterit
2549 2919 2578 2957 ‚
2646 2879 2740 2938 ut
2792 2854 3501 2940 Monasteriorum'
3542 2849 3829 2957 fundi,

453 2974 1180 3092 possessionesque
1231 3008 1272 3060 a
1327 2974 1701 3081 tributis,
1753 2978 1848 3063 et'
1885 2977 2437 3087 vectigalibus
2500 2981 2913 3093 immunes
2962 2978 3150 3059 sint.

1803 3214 1932 3336 oo·
1970 3216 2047 3303 A
2114 3216 2201 3300 P.
2307 3216 2440 3329 x.

736 3456 873 3543 De
923 3458 1031 3540 iis
1069 3519 1091 3563 ,
1159 3485 1378 3572 quae
1424 3457 1849 3543 observari
1902 3458 2195 3544 debent
2250 3463 2342 3540 in
2390 3455 2818 3575 exigenda
2869 3456 2976 3538 ab
3012 3454 3488 3540 Abbatibus
3516 3518 3542 3563 ,

1014 3595 1091 3659 ec
1156 3562 1580 3658 reddenda
1641 3608 1697 3660 a
1744 3579 2232 3665 Monachis'
2263 3582 2592 3660 ratione
2660 3581 3250 3661 conscientiae.

565 3698 631 3782 I.
716 3696 936 3782 Cum
1006 3694 1260 3810 hujus
1323 3695 1686 3806 Regulae
1752 3698 1958 3807 finis,
2017 3703 2118 3784 sit
2193 3697 2615 3811 spirituale
2679 3697 3075 3782 auxilium
3123 3695 3744 3814 ‘Monachorum
3798 3761 3824 3803 ,

443 3821 732 3905 Abbas
784 3848 1306 3932 summopere
1359 3841 1669 3924 caveat,
1722 3851 1829 3907 ne
1878 3824 2081 3907 vitio
2131 3840 2281 3904 suo
2332 3815 2619 3905 eadem
2687 3814 3114 3902 Fratribus
3172 3819 3498 3927 gravis,
3564 3841 3649 3903 et
3702 3822 3826 3904 in»-

441 3935 867 4024 toleranda
932 3937 1076 4023 fiat
1110 4001 1140 4038 ‚
1209 3961 1457 4056 atque
1510 3941 1615 4023 ab
1666 3947 1846 4059 ejus
1896 3943 2469 4037 observatione
2550 3938 2948 4052 paulatim
2999 3959 3477 4025 avertantur
3510 4000 3535 4042 ,
3616 3969 3811 4024 cum

350 4112 358 4120 -
441 4050 741 4168 magno
804 4086 1141 4140 suarum
1195 4064 1658 4146 animarum
1704 4125 1729 4170 ,
1809 4084 2060 4180 atque
2109 4057 2452 4144 Ordinis
2528 4058 3053 4167 detrimento.
3106 4057 3207 4141 -In
3261 4055 3423 4142 hoe
3475 4057 3823 4169 proinde

440 4209 633 4262 casu
683 4209 768 4262 se
835 4175 1163 4260 Patrem
1247 4177 1633 4265 exhibeat
1681 4244 1705 4287 ,
1773 4181 1981 4266 adeo
2029 4190 2125 4266 ut
2173 4179 2639 4265 Monachus
2701 4177 2802 4263 ad
2854 4184 3119 4290 ipsum
3175 4206 3367 4262 cum
3434 4174 3663 4262 filiali
3735 4175 3828 4265 fi-

446 4295 689 4384 ducia
746 4327 1167 4382 recurrere
1217 4323 1645 4385 assuescat.
1701 4301 1810 4385 II.
1851 4301 2039 4387 Non
2098 4323 2220 4386 est
2257 4298 2686 4410 'cogendus
2726 4297 3214 4403 Monachus,
3258 4319 3352 4381 nt
3402 4294 3826 4385 conscien-

441 4422 635 4513 tiam
703 4448 937 4502 suam
996 4415 1309 4504 Abbati
1360 4424 1669 4534 aperiat
1731 4426 1816 4507 in
1869 4422 1965 4505 iis
2018 4421 2268 4507 rebus
2303 4484 2328 4527 ,
2383 4419 2490 4507 de
2574 4420 2887 4539 quibus
2968 4415 3388 4504 confessus
3441 4441 3565 4504 est
3598 4481 3623 4525 ,
3678 4446 3822 4506 aut

437 4532 812 4626 confiteri
866 4533 1120 4624 debet
1171 4534 1391 4651 apud
1448 4539 2002 4632 Sacerdotem.
2060 4541 2370 4625 Omnia
2423 4562 2698 4626 autem
2735 4603 2766 4644 ,
2817 4569 3032 4656 quae
3108 4538 3423 4624 Abbati
3492 4543 3578 4624 in
3667 4538 3826 4626 hac

437 4663 776 4745 materia
847 4657 1321 4744 revelantur
1357 4723 1381 4765 ,
1442 4662 1844 4772 intelligat
1894 4694 1982 4748 ea
2038 4662 2194 4746 sibi
2246 4661 2404 4745 sub
2457 4684 2771 4747 secreto
2836 4659 3189 4744 naturali
3256 4657 3538 4768 dicta3
3592 4656 3822 4778 quod

439 4804 712 4889 tamen
782 4772 889 4863 de
943 4782 1039 4864 iis
1104 4776 1532 4866 dumtaxat
1583 4782 2210 4893 intelligendum
2269 4805 2449 4888 est,
2523 4813 2736 4901 quae
2786 4778 2972 4899 quis
3038 4777 3145 4865 de
3190 4812 3282 4868 se
3334 4784 3563 4895 ipso,
3618 4787 3821 4865 suis-

439 4929 605 5014 que
659 4894 1124 4983 defectibus
1173 4962 1196 5005 ,
1267 4892 1430 4986 aut'
1495 4900 2093 4989 tentationibus
2161 4902 2475 4989 Abbati
2537 4905 2852 5016 aperit:
2927 4930 3142 5018 quae
3192 4905 3419 4988 enim
3470 4899 3576 4989 de
3638 4905 3818 4987 aliis

440 5016 875 5102 Monacliis
927 5016 1403 5123 denunciat,
1456 5053 1548 5108 ea
1600 5024 1757 5109 sub
1805 5049 2208 5110 secretum
2265 5054 2431 5108 non
2486 5021 2822 5126 cadunt,
2864 5023 3020 5106 nisi
3060 5020 3336 5139 quoad
3385 5054 3824 5137 personam

436 5136 1044 5223 denunciantis.
1122 5136 1268 5220 Ill.
1344 5140 1530 5226 Hoc
1595 5168 2003 5229 secretum
2063 5145 2361 5231 Abbas
2413 5144 2877 5230 cautissime
2961 5165 3233 5231 servet
3281 5204 3306 5247 ,
3377 5173 3529 5228 nec
3578 5140 3825 5229 saciat

435 5254 896 5376 quidquam
947 5290 1044 5343 ex
1098 5263 1385 5345 notitia
1440 5261 1637 5349 inde
1689 5262 1969 5349 habita
2006 5328 2030 5371 ,
2070 5264 2348 5381 quoad
2403 5296 2525 5351 res
2596 5263 3206 5367 denunciantis,
3280 5265 3435 5348 nisi
3499 5295 3824 5379 expres-

436 5409 606 5463 sam
673 5378 782 5461 ab
834 5376 1130 5465 eodem
1201 5380 1588 5468 habuerit
1650 5381 2152 5470 facultatem.
2213 5387 2295 5474 Si
2368 5390 2556 5506 quis
2630 5415 2830 5470 vero
2881 5386 3129 5496 hujus
3194 5387 3482 5470 secreti
3566 5382 3825 5470 fidem

437 5502 729 5619 quovis
782 5497 1033 5585 modo
1103 5498 1437 5615 fregisse
1487 5508 1916 5592 convictus
1965 5503 2219 5615 suerit
2252 5496 2294 5614 ,‘
2342 5504 2899 5592 denuncietur
2969 5504 3285 5590 Abbati
3338 5503 3728 5591 Generali
3783 5577 3813 5614 ‚

435 5622 580 5737 qui
635 5617 1264 5740 delinquentem
1332 5654 1614 5715 severe
1665 5630 1981 5745 puniet.
2073 5627 2297 5715 Hi‘nc
2373 5627 2662 5753 Abba‘s
2713 5686 2737 5735 ,
2805 5623 2942 5713 vel
2982 5621 3479 5713 Praefectus
3546 5656 3826 5720 rerum

2743 5749 2818 5832 T
2864 5770 2895 5833 t
2950 5778 2996 5832 2
