4834 6409
3680 446 3795 540 83

415 580 775 694 Noster„
859 580 1426 703 Apostolicam
1469 571 2149 668 benedictionem
2223 574 2784 664 amantissime
2859 572 3413 692 impertimur.
3475 567 3799 660 Datum

417 702 732 800 Romae
804 704 1031 826 apud
1066 708 1162 826 OS.
1201 702 1554 794 Mariam
1600 698 2009 815 Majorem
2058 695 2196 788 die
2248 730 2385 784 υ.
2438 696 2638 784 Julii
2697 697 2961 813 ¹73²·
3621 703 3628 712 ·
3698 739 3702 744 -
3775 725 3778 728 ·

653 861 665 870 “
1430 838 1440 866 ²
1628 845 1633 852 '
1996 818 2353 906 Carolus
2401 817 3107 934 Arclziepiscopus
3160 814 3679 906 Emissenus.
3785 881 3792 888 .

448 1155 453 1162 ἆ
504 1153 886 1288 -Eoectio
914 1143 1048 1281 ιαι·
1091 1195 1448 1280 Dotatio
1515 1191 1882 1309 Collegit·
1928 1189 2171 1275 Ritus
2253 1190 2573 1277 Graeci
2648 1194 2741 1273 in
2799 1174 3130 1302 oppido
3200 1189 3294 1274 U
3285 1183 3514 1273 llam*
3570 1134 3800 1277 Bisi-

658 1345 1021 1435 gnanen.
1080 1315 1517 1410 Dioecesis
1556 1347 1714 1431 pro
1756 1315 2045 1427 pueris
2079 1328 2162 1395 et
2208 1308 2864 1397 adolescentibus
2899 1307 3134 1394 dieti.
3158 1313 3401 1396 Ritus
3448 1337 3578 1395 ex?
3600 1305 3808 1432 Epib

663 1465 763 1520 ro
811 1432 1520 1525 descendentibus.
3333 1463 3336 1466 π
3629 1469 3636 1476 .
3782 1443 3794 1464 ·

787 1593 3803 1852 CLEMENsErlscoPus=ff

1032 1915 1043 1924 ’
1590 1925 1893 2016 Servus
1958 1924 2408 2015 Servorum
2469 1924 2657 2022 Dei,
3053 1917 3061 1924 ’

1410 2166 1567 2256 Ad
1597 2186 2098 2285 perpetuam
2143 2168 2278 2253 rei
2321 2171 2847 2253 memoriam.

561 2318 853 2496 Inter
897 2409 1394 2526 multiplices
1445 2414 1771 2498 onerosi
1845 2409 2112 2498 Nobis
2174 2437 2272 2508 ex
2320 2406 2489 2497 alto
2554 2409 2969 2496 commissi
3049 2395 3487 2520 Pastoralis
3564 2389 3820 2500 officii
3879 2417 3884 2422 ’
4059 2509 4075 2528 ·
4177 2483 4184 2490 .

441 2526 1014 2621 solicitudines
1075 2533 1214 2619 illa
1262 2535 1781 2649 potissimum
1828 2556 2198 2620 mentem
2249 2534 2793 2648 animumque
2841 2532 3139 2618 excitat
3188 2551 3559 2617 nostrum
3597 2594 3628 2637 ,
3676 2550 3825 2649 per
3845 2508 4190 2616 E¹⁰ffl¹¹¹¹¹¹

437 2683 690 2774 quam
739 2648 1317 2741 Ecclesiastica
1372 2654 2140 2741 Italo-Albanorum
2176 2657 2626 2764 juventus,
2664 2681 2880 2767 quae
2926 2652 3222 2766 procul
3273 2684 3317 2736 a
3352 2653 3824 2762 Turcarum

444 2767 888 2887 tyrannide
942 2771 1047 2870 ad
1097 2799 1565 2864 maternum
1618 2778 1967 2861 Sanctae
2018 2773 2437 2859 Romanae
2486 2768 2913 2857 Ecclesiae
2974 2799 3059 2856 se
3099 2771 3455 2859 contulit
3517 2777 3821 2884 sinum,
3881 2769 3888 2776 ’

362 2905 387 2912 ‘
449 2918 534 2983 et
582 2897 675 2980 in>
721 2891 1103 3007 ejusdem
1170 2895 1438 2985 fidelis
1488 2894 1886 2984 adolescit
1933 2895 2312 3010 amplexu
2346 2956 2371 2999 ,
2434 2905 2594 3007 per'
2646 2914 2910 2977 rectos
2980 2917 3255 2979 sacrae
3339 2889 3824 3009 disciplinae

441 3016 810 3103 tramites
870 3013 1321 3127 dirigatur,
1392 3044 1487 3106 ut
1547 3019 1662 3104 sic
1710 3016 2019 3104 directa
2068 3018 2467 3131 pretiosos
2530 3008 3224 3133 absconditosque
3275 3013 3359 3098 in
3412 3045 3604 3128 agro
3652 3017 3826 3102 Do-

450 3136 763 3222 minico
809 3135 1230 3224 bonorum
1278 3171 1607 3225 morum
1659 3168 2074 3225 sacrarum
2133 3138 2618 3240 literarum,
2684 3151 2768 3219 et
2829 3130 3308 3222 divinarum
3369 3166 3646 3223 rerum
3699 3140 3824 3223 in-

448 3256 732 3343 veniat
795 3254 1220 3344 thesauros
1268 3259 1451 3374 illos
1487 3323 1512 3368 ,
1579 3264 1720 3378 qui
1807 3291 1987 3346 eam
2023 3322 2054 3362 ,
2117 3258 2482 3377 aliosque
2559 3284 2709 3370 per
2756 3284 2940 3341 eam
2990 3277 3319 3342 aeterna
3380 3255 3824 3345 beatitudia
3943 3364 3947 3368 ἢ

448 3408 557 3463 ne
606 3375 1185 3492 locupletent,
1251 3385 1534 3501 eisque
1583 3383 1699 3469 sic
1751 3379 2268 3497 locupletatis
2333 3372 2681 3494 provide
2744 3374 3182 3462 Sacrorum
3249 3373 3826 3467 Conciliorum

446 3494 536 3584 id
600 3498 835 3614 enixe
907 3506 1476 3617 exoptantium
1540 3500 1869 3590 decreta
1947 3498 2330 3586 debitum
2411 3496 2860 3583 sortiantur
2919 3497 3578 3612 implementum.
3809 3517 3818 3526 ‘

566 3629 640 3725 §.
715 3641 788 3703 1.
856 3617 1081 3707 Cum
1134 3626 1468 3744 itaque,
1530 3628 1746 3711 sicut
1823 3622 2353 3736 accepimus,
2423 3622 2507 3704 in
2564 3617 2848 3704 Terris
2926 3616 3186 3729 Regni
3243 3620 3569 3708 Siciliae
3622 3621 3826 3710 citra

452 3736 820 3826 Pharum
854 3803 885 3846 ,
948 3765 1033 3829 et
1079 3750 1556 3859 praesertim
1612 3743 2102 3848 Calabriae,
2166 3742 2657 3861 quamplura
2714 3736 2954 3825 Ritus
3003 3738 3305 3827 Graeci
3354 3740 3534 3829 loca
3599 3774 3831 3860 repe-

454 3860 829 3969 riantur,
896 3869 1784 3985 quorum—juventuS,
1853 3867 2003 3954 etsi
2064 3864 2346 3979 probis
2393 3858 2768 3948 moribus
2805 3921 2829 3966 ,
2897 3861 3313 3980 sacrisque
3380 3863 3636 3952 literis
3687 3861 3826 3950 ad-

454 3977 872 4069 discendis
937 3983 1040 4072 ad
1094 3988 1535 4075 latinorum
1583 3986 2031 4074 Seminaria
2087 4011 2539 4100 puerorum
2593 3980 3332 4092 ecclesiasticorum
3406 3985 3613 4069 inibi
3668 3987 3872 4086 exi-⁴

456 4105 755 4189 stentia
819 4103 1361 4194 admittantur
1397 4165 1422 4217 ,
1488 4108 2030 4195 nihilominus
2078 4106 2188 4192 ob
2244 4107 2448 4190 ritus
2499 4125 2580 4190 et
2631 4098 3047 4188 idiomatis
3113 4100 3670 4192 diversitatem
3724 4105 3829 4191 ab
3859 4119 4072 4190 Causa
4106 4122 4221 4188 hu-

456 4218 942 4334 hujusmodi
993 4224 1491 4317 admissione
1543 4226 1812 4316 eidem
1862 4227 2286 4340 juventuti
2338 4256 2431 4312 ea
2483 4254 2650 4310 non
2702 4224 3137 4338 proveniat
3185 4225 3549 4333 utilitas,
3590 4216 4218 4345 .quaej¹¹f³⁰0‚‘³‘⁰·

459 4339 835 4455 ejusdem
890 4343 1129 4430 Ritus
1179 4350 1444 4436 cultui
1494 4373 1958 4465 opportuna
2011 4378 2183 4435 esse
2233 4344 2797 4459 dignoscitur3
2853 4341 3079 4429 unde
3130 4346 3661 4463 quamplures
3712 4379 3836 4435 er-
3859 4321 4111 4375 ’ΝΟΜ

461 4490 686 4552 rores
736 4463 1264 4587 abususque,
1320 4499 1414 4559 ac
1477 4472 1737 4558 multa
1788 4469 2059 4558 eidem
2113 4463 2349 4554 Ritu‘i
2406 4470 2490 4551 in
2543 4464 3107 4583 spiritualibus
3172 4462 3498 4554 dissona
3552 4471 3836 4556 oriun-

461 4606 654 4696 tur3
720 4584 894 4672 Nos
943 4587 1217 4679 bonae
1253 4655 1282 4698 ‚
1314 4601 1816 4712 exactaeque
1850 4655 1875 4700 ,
1931 4622 2025 4677 ac
2078 4612 2119 4675 a
2175 4588 2604 4675 nonnullis
2657 4583 3046 4672 Romanis
3097 4584 3644 4676 Pontificibus
3676 4653 3699 4696 ,
3755 4614 3838 4678 et

463 4711 940 4820 praesertim
995 4745 1040 4798 a
1122 4711 1257 4800 fel.
1310 4747 1468 4803 rec.
1555 4713 1990 4801 Clemente
2066 4711 2287 4826 Papa
2363 4709 2520 4793 XI.
2593 4704 3372 4795 praedecessoribus
3448 4709 3770 4799 Nostris
3809 4777 3834 4818 ,

334 4919 338 4923 Α
472 4844 796 4942 optatae
846 4834 1307 4946 juventutis
1378 4833 1846 4953 praedictae
1898 4830 2434 4936 educationi,
2503 4833 2790 4950 reique
2839 4828 3281 4941 spiritualis
3330 4828 3615 4919 debito
3669 4833 3841 4918 cul-

472 4952 593 5032 tui
657 4953 1093 5042 consulere
1137 4960 1570 5064 volentes,
1635 4982 1882 5076 atque
1949 4950 2467 5042 attendentes
2551 4949 2879 5038 nullum
2947 4952 3216 5064 aptius
3280 4951 3740 5041 remedium
3794 4988 3838 5041 a

471 5066 735 5154 Nobis
798 5071 1174 5164 adhiberi
1226 5110 1460 5194 posse
1495 5144 1525 5184 ,
1648 5111 1837 5165 uam
1889 5079 2008 5183 si,
2092 5095 2333 5190 prout
2390 5071 2956 5184 Collegiorum
3021 5066 3586 5160 Nationa'lium
3641 5073 3841 5160 alibi

471 5214 937 5279 erectorum
1021 5189 1513 5314 experientia
1582 5110 1882 5303 docet,
1951 5200 2035 5283 in
2102 5191 2768 5311 oppidoUllani
2806 5185 3329 5303 Bisignanen.
3392 5194 3896 5303 DioecesiS„

473 5342 689 5432 quae
752 5309 924 5403 fere
988 5344 1151 5409 tota
1206 5356 1249 5410 a
1300 5319 1628 5407 familiis
1678 5318 1880 5405 dicti
1935 5318 2173 5404 Ritus
2224 5313 2574 5422 colitur,
2619 5331 2892 5401 unum
2944 5307 3412 5427 Collegium
3494 5313 3845 5429 hujusce

486 5435 725 5523 Ritus
789 5443 1206 5553 erigatur,
1271 5446 1357 5530 in
1427 5463 1596 5564 quo
1646 5440 1882 5557 pueri
1933 5462 2016 5527 et
2074 5434 2634 5525 adolescentes
2698 5468 2793 5526 ex
2842 5434 3157 5548 Epiro,
3225 5439 3307 5521 in·
3363 5468 3526 5555 qua
3581 5436 3847 5552 Regni

485 5556 879 5669 praedicti
931 5565 1207 5653 Terris
1246 5568 1473 5654 citra
1526 5562 1888 5650 Pharum
1940 5579 2038 5648 ex
2090 5553 2454 5646 honestis
2502 5551 3031 5676 parentibus,
3099 5556 3633 5679 legitimoque
3677 5569 3845 5647 'ma-

486 5684 914 5772 trimonio·
956 5688 1114 5774 orti
1164 5689 1523 5777 alantur
1549 5753 1579 5793 ,
1642 5710 1726 5776 et
1810 5684 2148 5774 Graecis
2214 5682 2470 5768 literis
2506 5744 2564 5791 ,,
2598 5675 3082 5769 liberalibus
3166 5681 3623 5800 disciplinis
3659 5744 3683 5792 ,
3731 5712 3846 5769 ac

2777 5800 2967 5886 L2
