4834 6409
3605 481 3761 568 301
3817 490 3824 497 ”

528 605 880 717 Insuper
944 597 1048 686 ad
1102 593 1485 701 evitanda
1564 592 1863 686 damna
1918 596 2263 711 Collegii
2319 594 2788 686 redditibus
2861 629 3006 712 per
3057 594 3786 686 Administratones

411 723 824 844 stipendio
878 716 1333 807 conductos
1405 748 1649 828 grave
1701 722 1945 803 nimis
2013 721 2231 805 illata
2264 782 2289 824 ,
2360 723 2904 823 necessarium
2959 716 3347 807 duximus
3400 722 3790 831 praescri·

412 843 698 963 bendo
748 864 1187 961 annectere
1242 837 1580 922 modum
1619 901 1661 949 ,ὗ
1713 871 1881 956 quo
1931 843 2038 924 sit
2085 842 2619 951 imposterum
2692 842 3226 926 oeconomica
3279 836 3794 929 administra-

364 971 535 1054 'tio
596 999 640 1052 a
697 961 1134 1080 praedictis
1206 955 1702 1045 officialibus
1770 957 2248 1046 exercenda.
2683 1038 2690 1045 .

534 1082 1066 1173 Jentaculum
1099 1144 1123 1187 ,
1156 1078 1387 1198 quod
1436 1112 1581 1192 per
1633 1080 1983 1165 abusum
2036 1077 2541 1194 suppeditari
2598 1104 3137 1167 consueverat
3186 1077 3512 1164 famulis
3564 1081 3796 1165 Emi-

418 1206 1088 1294 nentissimorum
1148 1199 1725 1284 Cardinalium
1776 1202 2067 1287 Sacrae
2116 1202 2796 1310 Congregationis
2857 1201 3420 1286 Immunitatis
3472 1198 3577 1284 ad
3631 1200 3800 1286 Fe-

422 1352 645 1412 stum
710 1321 1215 1439 S.·Thomae
1271 1321 1888 1406 Cantnariensis
1943 1324 2617 1407 convenientium
2654 1384 2676 1426 ,
2755 1323 3098 1407 omnino
3133 1322 3522 1405 tollatur.

552 1439 933 1528 Tandem
1005 1471 1198 1524 cum
1248 1471 1540 1555 parum
1613 1437 2015 1555 proficiat.
2061 1472 2313 1528 novas
2382 1439 2738 1525 condere
2806 1441 3018 1551 leges
3052 1442 3288 1543 ,nisi
3352 1442 3436 1523 in
3490 1443 3843 1555 praxim·
3961 1443 4193 1511 Rector

413 1560 805 1678 disposita
867 1556 1426 1664 reducantur,
1506 1585 1590 1645 et
1650 1565 1734 1644 in
1791 1565 2269 1648 memoriam
2338 1592 2579 1673 saepe
2645 1565 2965 1674 saepius
3016 1584 3533 1646 revocentur.
3607 1548 3992 1645 Pro··Intra
4025 1561 4136 1604 sex

415 1708 696 1800 pterea
781 1681 873 1765 P.
934 1680 1262 1765 Rectori
1313 1682 1870 1791 injungimuS,
1935 1706 2029 1767 ut
2081 1678 2288 1766 infra
2374 1712 2509 1765 sex
2595 1712 2917 1765 menses
2982 1678 3087 1764 de
3156 1677 3803 1793 adimplemento
3830 1648 4198 1786 ffiffistoedo-

414 1809 499 1888 in
576 1802 732 1888 hac
786 1800 1258 1917 Apostolica
1306 1799 1801 1925 Visitatione
1851 1804 2538 1916 praescriptorum
2574 1865 2597 1907 ,
2651 1801 2967 1885 Et‘r‘tum
3023 1798 3555 1886 Cardiualem
3610 1803 3797 1886 Pro·
3833 1834 3974 1878 cere
4046 1812 4125 1879 de

415 1947 817 2010 tectorem
876 1923 1310 2005 certiorem
1362 1918 1716 2025 reddat,
1771 1942 2020 2038 atque
2066 1923 2197 2006 bis
2248 1923 2332 2004 in
2387 1952 2607 2005 anno
2661 1947 2851 2005 cum
2907 1921 3380 2005 interventu
3431 1903 4138 2006 omniumadimple-

415 2046 1057 2144 Ministrorum,
1132 2061 1216 2125 et
1269 2035 1783 2125 Officialium
1835 2043 2190 2127 Decreta
2225 2105 2249 2148 ,
2314 2062 2398 2135 et
2462 2041 3058 2126 Instructiones
3121 2070 3268 2152 per
3329 2039 3502 2126 Nos
3553 2041 3804 2127 modo
3832 1999 4193 2170 ffiffigdlfu*

416 2184 758 2250 statutas
818 2158 1157 2244 mandet
1212 2182 1578 2272 tempore
1630 2162 1959 2274 prandii
2024 2160 2375 2271 legendo
2455 2161 2984 2272 promulgari.
3833 2183 4139 2247 Decretu-

538 2284 659 2368 Et
739 2284 848 2366 ita
923 2281 1148 2364 salvo
1212 2301 1366 2364 etc.
1436 2281 1749 2365 Datum
1838 2313 1966 2369 11.
2022 2281 2225 2366 Maii
2312 2282 2562 2394 1736.
2636 2281 2734 2363 T.
2793 2290 2893 2368 A.
2949 2274 3416 2364 Cardinalis
3496 2281 3602 2369 de
3650 2283 3811 2370 Via
3838 2294 4000 2338 rum.

416 2402 812 2488 Visitator
866 2399 1411 2511 Apostolicus.
1470 2398 1579 2483 D.
1635 2395 2099 2486 Cardinalis
2168 2402 2461 2487 Rivera
2514 2401 2913 2485 Visitator
2966 2399 3541 2510 Apostolicus:
3617 2403 3813 2487 Phi-

422 2521 694 2636 lippus
747 2517 851 2607 de
902 2517 1335 2603 Montibus
1391 2521 1892 2606 Secretarius
1981 2521 2661 2630 Congregationis
2745 2517 2852 2604 de
2903 2518 3440 2631 Propaganda
3506 2520 3715 2607 Fide
3768 2557 3812 2608 a

422 2644 797 2728 Secretis.
853 2681 911 2713 =
961 2637 1092 2722 Ex
1143 2636 1560 2725 audientia
1630 2641 1862 2724 SSr'hi
1943 2638 2077 2725 die
2139 2646 2266 2726 16.
2326 2640 2833 2753 Septembris
2897 2640 3141 2753 1739.
3200 2671 3253 2718 ε
3307 2640 3617 2729 SSffius
3681 2674 3816 2726 su·

419 2760 786 2875 pradicta
842 2759 1120 2844 omnia
1172 2761 1694 2872 approbavit,
1735 2780 1819 2844 et
1869 2760 2143 2845 literas
2195 2756 2846 2846 confirmatorias
2894 2761 2978 2842 in
3030 2756 3293 2844 forma
3347 2760 3629 2848 Brevis
3681 2795 3813 2848 ex·

417 2881 690 2995 pediri
742 2876 1190 2995 mandavit.
1245 2920 1302 2952 =
1339 2879 1774 2993 Philippus
1836 2878 1941 2965 de
1994 2880 2456 2967 Montibus.
3841 2890 3842 2893 ‘

541 2999 614 3098 S.
674 3033 813 3113 27.
879 2998 1390 3083 Praeinserta
1443 3023 1714 3086 autem
1771 2996 2097 3089 decreta
2166 3033 2358 3085 cum
2420 2996 2788 3114 proficua
2824 3060 2850 3105 ,
2915 3029 3009 3085 ac
3072 2998 3455 3087 salutaria
3521 3002 3814 3115 proba·
3929 3007 4204 3098 Eadem]

422 3124 827 3204 vissemus
866 3180 890 3223 ,
957 3145 1126 3232 quo
1210 3113 1528 3202 firmius
1612 3118 2121 3225 subsistant,
2185 3145 2265 3205 et
2342 3143 2771 3205 serventur
2837 3120 3258 3225 exactius,
3328 3126 3814 3211 auctoritate
3841 3100 4178 3208 0⁰⁰55¹¹¹³¹³

429 3239 907 3354 Apostolica
962 3258 1245 3320 tenore
1316 3241 1864 3351 praesentium
1920 3241 2471 3353 approbamus
2508 3303 2533 3346 ,
2601 3262 2683 3323 et
2732 3236 3317 3327 confirmamus
3354 3303 3376 3344 ,
3433 3244 3817 3355 apostoli-
3839 3192 4145 3259 Pontifex.

428 3391 571 3443 cae
626 3357 1031 3443 firmitatis
1070 3355 1322 3442 robur
1372 3356 1663 3443 iisdem
1732 3356 2161 3445 adiicimns
2200 3421 2222 3464 ,
2292 3392 2383 3444 ac
2435 3390 2774 3461 omneS,
2842 3381 2926 3442 et
2984 3360 3348 3471 singulos
3411 3365 3613 3473 juris
3651 3426 3675 3467 ,
3732 3388 3814 3449 et

425 3475 620 3563 fiacti
671 3476 1042 3565 defectus
1093 3475 1160 3555 si
1211 3480 1357 3594 qui
1410 3477 1761 3593 desuper
1827 3478 2460 3596 quomodolibet
2511 3481 3112 3564 intervenerint
3145 3545 3170 3587 ,
3235 3512 3615 3567 sanamus
3648 3548 3678 3587 ,
3732 3509 3814 3568 et

426 3599 929 3712 supplemus.

552 3720 619 3818 S.
678 3719 816 3804 28.
883 3721 1446 3807 Decernentes
1498 3715 1787 3806 eadem
1850 3718 2175 3807 decreta
2207 3710 2391 3826 ,‘ac
2440 3741 2906 3833 praesentes
2953 3717 3226 3803 literas
3291 3717 3562 3808 firmas
3598 3784 3622 3827 ,
3675 3753 3810 3811 va·
3834 3741 4202 3812 Servanda-

430 3837 690 3945 lidas‚
759 3862 840 3924 et
890 3838 1265 3927 efficaces
1318 3842 1711 3946 existere,
1779 3862 1861 3925 et
1920 3837 2095 3924 fore
2132 3904 2157 3948 ,
2218 3869 2577 3956 suosque
2628 3840 3032 3951 plenarios
3070 3899 3093 3942 ,
3149 3862 3233 3926 et
3288 3843 3646 3953 integros
3695 3841 3809 3928 ef-
3837 3858 3966 3923 que
4010 3836 4154 3899 uhi-

430 3956 695 4044 fectus
768 3965 1090 4067 sortiri,
1159 3982 1240 4046 et
1291 3959 1719 4065 obtinere,
1788 3992 1880 4045 ac
1930 3960 2154 4064 illis,
2220 3957 2322 4045 ad
2375 3988 2581 4077 quos
2646 3979 3015 4073 spectat,
3084 3980 3168 4043 et
3228 3991 3379 4072 pro
3445 3985 3810 4074 tempore
3835 3950 3961 4082 {iffi
4028 3941 4155 3993 ω’

437 4078 845 4190 spectabit
881 4141 904 4183 ,
970 4076 1442 4191 plenissime
1492 4077 1918 4189 suffragari
1962 4114 1980 4159 ε
2037 4080 2337 4198 Sicque
2388 4083 2472 4163 in
2527 4079 2984 4193 praemissis
3038 4108 3185 4187 per
3232 4110 3811 4196 quoscumque
3966 4061 3981 4080 ⁰
4155 4100 4188 4115 '⁴

431 4195 768 4281 Judices
819 4196 1359 4300 OrdinariOS,
1443 4220 1526 4281 et
1586 4198 2079 4307 Delegatos,
2143 4203 2389 4285 etiam
2469 4198 2929 4281 Causarum
3010 4198 3299 4281 Palatii
3353 4201 3812 4313 Apostolici

433 4314 881 4401 Auditores
946 4314 1363 4432 judicari,
1428 4338 1510 4400 et
1559 4313 1901 4400 diffiniri
2003 4315 2308 4405 debere
2347 4380 2371 4422 ,
2438 4349 2531 4402 ac
2585 4319 2960 4419 irritum,
3029 4339 3110 4400 et
3179 4318 3486 4424 inane,
3550 4320 3812 4435 quid-

435 4433 639 4555 quid
691 4467 922 4523 secus
973 4467 1218 4549 super
1273 4433 1398 4518 his
1461 4469 1506 4519 a
1569 4466 1991 4553 quoquam
2043 4440 2331 4555 quavis
2382 4440 2866 4525 auctoritate
2916 4438 3268 4521 scienter
3305 4502 3329 4541 ,
3400 4439 3528 4525 vel
3584 4443 3811 4550 igno-

434 4580 711 4644 ranter
774 4558 1208 4668 contigerit
1274 4557 1680 4639 attentari.
2690 4644 2696 4654 ,

557 4677 626 4777 S.
682 4708 821 4791 29.
888 4676 1078 4763 Non
1134 4674 1649 4761 obstantibus
1704 4672 2457 4795 Constitutionibus
2491 4739 2516 4784 ,
2589 4698 2673 4760 et
2723 4666 3412 4762 ordinationibus
3463 4683 3812 4794 Aposto·
3863 4708 4199 4775 Contraria

438 4797 673 4904 licis,
746 4800 1204 4915 ceterisque
1258 4797 1683 4881 contrariis
1767 4795 2466 4913 quibuscumque.
3837 4800 4081 4865 tollens.

562 4917 878 5002 Datum
930 4917 1237 5003 Romae
1301 4912 1522 5028 apud
1578 4918 1657 5002 S.
1711 4915 2055 5000 Mariam
2109 4915 2512 5027 Majorem
2575 4912 2732 5001 sub
2789 4914 3132 5001 Annulo
3180 4918 3612 5007 Piscatoris
3676 4919 3811 5007 die

451 5034 584 5120 38.
645 5037 1147 5150 Septembris
1210 5036 1459 5149 1739.
1516 5036 1752 5122 Pont.
1811 5038 2063 5123 nostri
2113 5066 2331 5122 anno
2380 5034 2490 5120 X.
