4834 6409
1034 423 1208 512 266

1022 542 1187 629 hus
1251 550 1447 630 'cum
1495 540 1656 627 illis
1691 604 1714 649 ,
1804 541 2247 660 et‚quibus
2320 540 2858 629 Missionariis
2939 540 3280 661 iusuper
3325 542 3446 630 fas
3494 534 3724 629 haud
3771 540 3928 626 erit
3975 526 4150 622 sub
4183 525 4422 654 'quo-

1028 695 1395 782 cumque
1456 660 1994 774 excogitaudo
2044 689 2464 779 praetextu
2521 666 2792 753 literas
2842 663 3140 753 docere
3190 669 3632 784 superioris
3674 660 3811 748 vel
3857 660 4224 777 primae,
4267 686 4420 742 seu

1026 782 1439 872 inferioris
1502 786 1772 870 classis
1809 848 1832 892 ,
1903 790 2150 874 unice
2200 788 2614 873 Missiouis
2665 791 2989 873 muneri
3043 793 3253 875 intra
3305 792 3501 905 ipsis
3547 785 4071 899 designatum
4140 776 4419 862 distri·

1022 928 1257 992 ctum
1309 937 1633 1021 semper
1681 908 2261 998 incumbentes
2299 975 2323 1017 ‚
2390 940 2641 1028 quem
2696 907 2975 1021 egredi
3057 909 3282 995 haud
3366 911 3697 996 valeant
3759 940 3802 990 a
3869 904 4194 1007 Nobis,
4280 896 4416 984 vel

1019 1027 1653 1114 Successoribus
1704 1032 1999 1114 nostris
2054 1037 2382 1145 praevia
2450 1063 2616 1116 non
2669 1030 2948 1117 habita
3015 1031 3390 1136 licentia,
3453 1029 3610 1116 hac
3674 1031 3790 1115 eis
3837 1043 4416 1117 verumtamen

1013 1177 1187 1253 non
1240 1151 1393 1235 nisi
1451 1180 1549 1235 ex
1601 1181 1841 1236 causa
1908 1177 2308 1261 urgente,
2378 1150 2896 1266 deneganda.
4495 1141 4532 1173 '⁶

1008 1384 1017 1395 η
1136 1269 1761 1357 Decimotertio.
1833 1273 2075 1358 Licet
2126 1306 2377 1388 porro
2461 1275 2941 1359 Missionem
3025 1268 3241 1359 hauc
3305 1270 3938 1359 Benedictinam
3999 1269 4086 1353 iu
4174 1292 4422 1379 saepe

1018 1389 1193 1479 fato
1242 1393 1427 1477 loco
1482 1392 2025 1481 Schwarzach
2067 1398 2146 1479 in
2182 1420 2678 1511 perpetuum
2733 1394 3098 1481 stabilire
3147 1394 3792 1499 intendimus,et
3842 1394 4124 1500 vigore
4155 1398 4417 1502 'prae-

1021 1514 1381 1600 sentium
1434 1514 1921 1622 stabilimus,
1963 1521 2366 1630 privative
2416 1516 2691 1635 quoad
2747 1513 3285 1631 omnes,et,4ad
3315 1543 3937 1634 quamcumque
3969 1507 4419 1624 privilegiis

1025 1635 1416 1721 omnibus
1453 1696 1476 1739 ‚
1544 1642 2185 1751 praerogativis,
2250 1664 2333 1725 et
2407 1639 2733 1754 juribus
2772 1701 2795 1744 3
2863 1636 3261 1723 hactenus
3312 1671 3458 1753 per
3511 1634 4182 1721 praedecessores
4269 1657 4418 1711 no·

1021 1779 1229 1842 stros
1279 1754 1479 1841 huic
1546 1781 1871 1844 nostrae
1923 1760 2464 1845 Universitati
2520 1761 2924 1846 concessis
2959 1822 2983 1864 ‚
3051 1758 3276 1845 hisce
3327 1761 3621 1843 uostris
3656 1819 3681 1863 ‚
3724 1778 4134 1873 quatenus
4184 1776 4415 1864 prae-

1026 1879 1346 1983 missis,
1402 1901 1486 1963 et
1532 1875 1747 1963 infra
1846 1878 2224 1966 dicendis
2300 1883 2619 1989 legibus
2671 1945 2696 1988 ,
2763 1904 2844 1965 et
2909 1879 3533 1965 conditionibus
3623 1909 3786 1962 non
3882 1892 4409 1990 repugnant,

975 1996 1662 2085 'condecoratam
1714 2000 2106 2087 volumus
2142 2064 2165 2108 ‚
2232 2026 2315 2089 et
2367 2004 2482 2086 illi
2539 1998 3043 2116 parificatam
3095 1999 3663 2106 declaramus,
3719 1998 4080 2081 liberum
4132 2015 4410 2076 tamen

1024 2150 1351 2233 semper
1426 2119 1743 2228 Nobis,
1831 2144 1913 2207 et
1998 2124 2631 2211 Successoribus
2702 2124 2997 2208 nostris
3059 2153 3233 2208 esse
3297 2122 3948 2236 pronunciamus
3992 2180 4014 2221 ,
4078 2113 4414 2197 alterius

1023 2240 1271 2327 etiam
1338 2239 1683 2327 Ordinis
1746 2242 2302 2330 Missionarios
2366 2245 2883 2360 Apostolicos
2958 2246 3044 2326 in
3099 2242 3564 2328 districtum
3617 2240 4010 2333 Mis'sioni·
4062 2229 4409 2319 Benedi-

1023 2364 1299 2448 ctinae
1374 2393 1616 2476 supra
1670 2360 2189 2475 designatum
2255 2362 2360 2450 ad
2416 2389 2739 2481 tempus
2803 2367 3129 2451 mittere
3167 2426 3190 2471 ,
3258 2366 3472 2479 ipsos
3534 2361 4090 2446 Missionarios
4153 2353 4414 2439 Bene-

1028 2479 1386 2569 dictinos
1449 2515 1644 2571 vero
1695 2487 1946 2588 alibi,
2015 2510 2099 2572 et
2147 2511 2366 2572 extra
2437 2488 2671 2570 illum
2704 2546 2728 2592 ,
2795 2483 2900 2570 ad
2949 2482 3361 2571 Missionis
3408 2511 3761 2587 munus,
3820 2502 3904 2565 et
3954 2477 4254 2591 pariter
4305 2470 4408 2559 ad

1032 2620 1361 2718 tempus
1430 2628 1755 2691 tantum
1816 2607 2251 2719 ablegare,
2329 2603 2823 2693 fundatione
2874 2604 3173 2692 domus
3247 2603 3840 2692 Benedictinae
3925 2598 4415 2716 praemissae

1032 2755 1358 2841 semper
1406 2728 1809 2842 privative
1858 2729 2076 2814 salva
2108 2788 2138 2833 ,
2206 2758 2529 2845 suoque
2581 2731 2664 2814 in
2721 2729 3019 2839 robore
3069 2726 3332 2813 firma.
4163 2746 4170 2753 ·

1147 2847 1823 2965 Decimoquarto.
1890 2849 2023 2934 Ne
2074 2880 2279 2936 vero
2322 2851 2603 2934 Patres
2653 2848 3147 2934 Missionarii
3214 2847 3807 2962 temporalibus
3871 2845 4088 2930 curis
4149 2838 4418 2956 impli-

1030 2969 1175 3055 citi
1225 2967 1332 3052 ab
1385 2970 1864 3082 Apostolico
1912 3001 2259 3056 munere
2310 3002 2463 3056 suo
2511 2968 3125 3086 impediantur,
3196 3000 3405 3057 neve
3459 2967 4036 3054 Saecularibus
4084 2992 4411 3074 ἔτεινε-ιε,
4455 3014 4462 3021 -

1028 3111 1117 3174 et
1179 3086 1439 3172 odiosi
1493 3088 1748 3198 fiant,
1815 3091 1943 3176 lex
1992 3088 2504 3176 fundationis
2555 3115 2772 3177 certa
2811 3152 2835 3200 ‚
2917 3089 3325 3209 firmaque
3378 3113 3551 3176 esto
3585 3152 3609 3196 ,
3681 3122 3834 3177 nec
3886 3090 4100 3199 ipsos
4150 3147 4173 3190 ‚
4257 3111 4416 3167 nec

1025 3207 1445 3295 Missiouis
1501 3209 2030 3324 Hospitium,
2095 3212 2414 3297 stabilia
2468 3213 2686 3298 bona
2725 3275 2750 3320 ,
2814 3213 2988 3301 vel¹
3035 3244 3250 3331 quae
3300 3211 3459 3297 sub
3511 3209 3810 3296 horum
3878 3209 4214 3292 nomine
4273 3231 4416 3288 ve·

1026 3329 1280 3414 niunt
1315 3391 1338 3434 ‚
1415 3331 1587 3416 sive
1636 3363 1784 3447 per
1833 3354 2063 3418 actus
2124 3336 2340 3419 inter
2386 3337 2620 3419 vivos
2656 3397 2686 3437 ,
2747 3322 2922 3421 sive
2969 3365 3115 3447 per
3169 3330 3547 3417 ultimam
3627 3333 4148 3417 voluntatem
4196 3328 4415 3410 intra

1029 3447 1558 3538 Provinciam
1637 3453 2019 3565 Nostram
2070 3457 2497 3571 acquirere
2535 3518 2559 3561 ‚
2626 3456 2772 3540 vet
2839 3484 3377 3573 quocumque
3427 3450 3765 3537 demum
3823 3440 4414 3566 praetextando

1024 3573 1276 3658 titulo
1328 3575 1719 3691 acquisita
1759 3634 1782 3680 ‚
1838 3578 2038 3660 citra
2090 3573 2527 3682 Nostrum,
2581 3575 2717 3661 vel
2772 3578 3356 3662 Successorum
3410 3596 3925 3676 nostrorum,
3979 3593 4226 3685 atque
4272 3596 4415 3651 ve·

1032 3694 1428 3787 nerabilis
1481 3698 1733 3779 nostri
1786 3694 2150 3811 Capituli
2183 3727 2560 3811 expresso
2613 3690 3020 3783 consensu
3075 3699 3426 3783 retinere
3465 3725 3758 3808 posse3
3815 3688 4048 3811 quod
4098 3692 4167 3773 si
4216 3718 4414 3774 con-

1026 3835 1151 3899 tra
1205 3812 1420 3900 hanc
1470 3814 1733 3926 legem
1787 3815 2090 3902 futuris
2142 3848 2516 3937 unquam
2590 3819 3107 3931 temporibus
3159 3841 3436 3903 actum
3505 3809 3761 3899 fuerit
3795 3875 3820 3922 ‚
3906 3816 3989 3897 in
4073 3809 4410 3895 arbitrio

1023 3933 1333 4021 Nostro
1404 3940 1608 4041 erit,
1678 3961 1761 4023 et
1815 3938 2396 4025 Successorum
2465 3960 2933 4025 nostrorum
2973 4001 2997 4046 ,
3081 3938 3217 4025 vel
3279 3942 3525 4023 etiam
3604 3931 4111 4022 autelaudati
4163 3960 4410 4018 vene-

1028 4057 1312 4142 rabilis
1363 4055 1733 4174 Capituli
1784 4062 2038 4145 nostri
2091 4058 2197 4147 de
2247 4062 2491 4146 bonis
2543 4061 2734 4174 ipsis
2803 4062 3101 4174 emptis
3137 4122 3161 4165 ‚
3214 4057 3635 4176 acquisitis
3687 4120 3711 4161 ,
3782 4054 4107 4140 donatis
4151 4115 4173 4158 ,
4228 4051 4418 4135 reli-

1029 4179 1183 4264 ctis
1222 4243 1245 4283 ‚
1314 4180 1582 4265 aliove
1644 4211 2180 4299 quocumque
2231 4181 2531 4287 titulo,
2596 4204 2695 4267 ·et
2776 4179 3030 4291 modo
3111 4177 3543 4295 adipsos,
3606 4177 3743 4263 vel
3821 4174 3927 4261 ad
3996 4173 4417 4262 Missionis

1027 4296 1375 4385 domum
1423 4304 1838 4413 perventis
1873 4364 1901 4405 ‚
1954 4333 2102 4416 pro
2157 4303 2392 4388 libito
2425 4364 2453 4407 ‚
2507 4323 2593 4389 et
2640 4305 3123 4388 auctoritate
3174 4301 3578 4412 Principis
3632 4319 3894 4384 terrae
3931 4360 3955 4405 ,
4022 4319 4276 4412 atque
4325 4293 4416 4375 in

1026 4422 1202 4505 vim
1266 4421 1465 4532 legis
1514 4483 1538 4522 ,
1611 4426 1818 4533 pacti
1886 4455 1990 4508 ue
2043 4426 2491 4537 praesentis
2539 4420 2809 4509 dantis
2862 4454 3192 4509 causam
3243 4416 3780 4524 fundationi,
3843 4439 3930 4506 et
4010 4419 4187 4501 sine
4250 4440 4421 4533 qua

1027 4537 1236 4627 haec
1287 4544 1770 4659 neutiquam
1868 4547 2114 4631 uisset
2165 4576 2614 4649 concessa,
2668 4545 2922 4660 pleno
2970 4533 3154 4658 jure
3220 4537 3777 4656 disponendi,
3851 4535 4261 4643 tollendi,
4329 4554 4418 4619 et:

1028 4660 2002 4768 incamerandi,Domus
2089 4669 2532 4783 Superiore
2561 4702 2590 4715 ·-
2617 4664 3005 4750 adstricto
3082 4660 3187 4749 ad
3268 4663 3613 4775 singulis
3688 4664 3926 4746 annis
3991 4656 4420 4745 ratiocinia

1030 4780 1453 4889 Praesidi,
1507 4807 1590 4868 et
1641 4786 2206 4873 assistentibus
2255 4787 2510 4903 hujus
2573 4808 2898 4872 nostrae
2949 4785 3539 4871 Universitatis
3574 4844 3598 4888 ‚
3654 4783 3803 4866 ubi
3871 4780 4079 4868 haec
4137 4783 4417 4867 visita·

1028 4924 1221 5012 tur,
1274 4908 1409 4993 vel
1463 4910 1527 4991 si
1578 4907 1938 4994 visitatio
1992 4939 2157 4994 non
2244 4908 2695 4995 haberetur
2732 4969 2755 5014 ‚
2837 4903 3211 5021 ejusdem
3291 4902 3621 4991 Rectori
3695 4899 4123 4989 reddendi
4174 4965 4199 5011 ‚
4268 4902 4417 5021 qui

1021 5024 1343 5136 Nobis3
1410 5050 1495 5114 et
1548 5027 2180 5115 Successoribus
2262 5032 2562 5115 nostris
2609 5026 3053 5115 teneantur
3093 5023 3461 5143 'de-super
3511 5046 3977 5112 accuratam
4030 5021 4228 5111 dare
4292 5053 4417 5110 re·

1020 5148 1418 5238 lationem
1452 5211 1476 5256 ,
1540 5171 1624 5234 et
1676 5151 1984 5267 quibus
2034 5147 2140 5237 de
2190 5148 2666 5257 redditibus,
2698 5214 2742 5257 ‚.
2786 5152 2853 5235 si
2915 5152 3058 5268 qui
3110 5178 3355 5261 super
3405 5166 3928 5234 remanentes
3981 5144 4407 5250 extabunt,

1019 5265 1142 5355 fas
1192 5274 1351 5376 sit,
1414 5300 1566 5388 pro
1611 5274 2058 5382 exigentia,
2112 5298 2197 5359 et
2247 5276 2763 5384 congruitate
2814 5264 3365 5389 disponendi,
3408 5266 3722 5389 hosque
3778 5267 3928 5352 ubi
3979 5268 4411 5356 necessitas

1022 5390 1157 5480 vel
1210 5395 1521 5478 utilitas
1573 5397 1829 5503 magis
1878 5396 2293 5505 exegerit,
2350 5392 2847 5511 applicandi.
3079 5393 3085 5399 ’
4247 5380 4263 5397 ’

941 5597 950 5605 .
1139 5511 1815 5632 Decimoquinto.
1895 5512 2430 5630 Ratificamus
2499 5539 3134 5633 verumtamen,
3220 5539 3303 5605 et
3366 5513 4125 5632 approbamus'per
4193 5508 4414 5625 ipsos

1024 5636 1541 5724 venerabiles
1597 5634 1965 5726 Abbates
2012 5637 2174 5725 sub
2225 5666 2367 5757 spe
2429 5638 3050 5727 clementissimi
3118 5641 3371 5729 nostri
3456 5638 3663 5745 rati,
3732 5640 3813 5725 in
3902 5631 4419 5751 supputatio·
