<?xml version="1.0" encoding="UTF-8"?>
<!DOCTYPE html PUBLIC "-//W3C//DTD XHTML 1.0 Transitional//EN"
    "http://www.w3.org/TR/xhtml1/DTD/xhtml1-transitional.dtd">
<html xmlns="http://www.w3.org/1999/xhtml" xml:lang="en" lang="en">
 <head>
  <title>
</title>
<meta http-equiv="Content-Type" content="text/html;charset=utf-8" />
  <meta name='ocr-system' content='tesseract 3.04.00' />
  <meta name='ocr-capabilities' content='ocr_page ocr_carea ocr_par ocr_line ocrx_word'/>
</head>
<body>
  <div class='ocr_page' id='page_1' title='image "./bullariumpontif00fidegoog_0319.png"; bbox 0 0 4834 6409; ppageno 0'>
   <div class='ocr_carea' id='block_1_1' title="bbox 477 439 3852 799">
    <p class='ocr_par' dir='ltr' id='par_1_1' title="bbox 477 439 3852 799">
     <span class='ocr_line' id='line_1_1' title="bbox 593 439 3852 689; baseline -0.003 -32"><span class='ocrx_word' id='word_1_1' title='bbox 593 536 908 665; x_wconf 81' lang='lat' dir='ltr'><strong>Datum</strong></span> <span class='ocrx_word' id='word_1_2' title='bbox 941 575 1254 689; x_wconf 83' lang='lat' dir='ltr'><strong>Romae</strong></span> <span class='ocrx_word' id='word_1_3' title='bbox 1293 567 1529 686; x_wconf 80' lang='lat' dir='ltr'><strong>apud</strong></span> <span class='ocrx_word' id='word_1_4' title='bbox 1580 574 1664 661; x_wconf 89' lang='lat' dir='ltr'><strong>S.</strong></span> <span class='ocrx_word' id='word_1_5' title='bbox 1707 571 2090 677; x_wconf 65' lang='lat' dir='ltr'><strong>Petrum,</strong></span> <span class='ocrx_word' id='word_1_6' title='bbox 2132 600 2354 660; x_wconf 83' lang='lat' dir='ltr'><strong>anno</strong></span> <span class='ocrx_word' id='word_1_7' title='bbox 2403 568 3007 661; x_wconf 73' lang='lat' dir='ltr'><strong>lucarnationin</strong></span> <span class='ocrx_word' id='word_1_8' title='bbox 3050 562 3542 653; x_wconf 82' lang='lat' dir='ltr'><strong>Dominicae</strong></span> <span class='ocrx_word' id='word_1_9' title='bbox 3600 439 3852 679; x_wconf 54' lang='lat'><strong>153599.</strong></span> 
     </span>
     <span class='ocr_line' id='line_1_2' title="bbox 477 691 2403 799; baseline -0.002 -18"><span class='ocrx_word' id='word_1_10' title='bbox 477 726 703 783; x_wconf 87' lang='lat' dir='ltr'><strong>nono</strong></span> <span class='ocrx_word' id='word_1_11' title='bbox 767 697 926 787; x_wconf 85' lang='lat' dir='ltr'><strong>kal.</strong></span> <span class='ocrx_word' id='word_1_12' title='bbox 967 695 1228 799; x_wconf 81' lang='lat' dir='ltr'><strong>Maii,</strong></span> <span class='ocrx_word' id='word_1_13' title='bbox 1311 695 1552 778; x_wconf 90' lang='lat' dir='ltr'><strong>Pont.</strong></span> <span class='ocrx_word' id='word_1_14' title='bbox 1608 691 1882 781; x_wconf 83' lang='lat' dir='ltr'><strong>Nostri</strong></span> <span class='ocrx_word' id='word_1_15' title='bbox 1950 722 2169 787; x_wconf 84' lang='lat' dir='ltr'><strong>anuo</strong></span> <span class='ocrx_word' id='word_1_16' title='bbox 2212 693 2403 777; x_wconf 78' lang='lat' dir='ltr'><strong>Vll.</strong></span> 
     </span>
    </p>
   </div>
   <div class='ocr_carea' id='block_1_2' title="bbox 670 911 3704 947">
    <p class='ocr_par' dir='ltr' id='par_1_2' title="bbox 670 911 3704 947">
     <span class='ocr_line' id='line_1_3' title="bbox 670 911 3704 947; baseline 0 5462"><span class='ocrx_word' id='word_1_17' title='bbox 670 911 3704 947; x_wconf 95' lang='lat' dir='ltr'><strong> </strong></span> 
     </span>
    </p>
   </div>
   <div class='ocr_carea' id='block_1_3' title="bbox 725 1050 3879 1178">
    <p class='ocr_par' dir='ltr' id='par_1_3' title="bbox 725 1050 3879 1178">
     <span class='ocr_line' id='line_1_4' title="bbox 725 1050 3879 1178; baseline -0.003 -32"><span class='ocrx_word' id='word_1_18' title='bbox 725 1060 1281 1178; x_wconf 61' lang='lat' dir='ltr'><strong>Confirmatio</strong></span> <span class='ocrx_word' id='word_1_19' title='bbox 1334 1057 1752 1176; x_wconf 50' lang='lat' dir='ltr'><strong>Regulaess</strong></span> <span class='ocrx_word' id='word_1_20' title='bbox 1803 1078 1885 1143; x_wconf 79' lang='lat' dir='ltr'><strong>et</strong></span> <span class='ocrx_word' id='word_1_21' title='bbox 1954 1058 2662 1151; x_wconf 61' lang='lat' dir='ltr'><strong>Constitutionum</strong></span> <span class='ocrx_word' id='word_1_22' title='bbox 2700 1052 3325 1145; x_wconf 72' lang='lat' dir='ltr'><strong>Monachorum</strong></span> <span class='ocrx_word' id='word_1_23' title='bbox 3374 1050 3879 1163; x_wconf 41' lang='lat' dir='ltr'><strong>Maronitas</strong></span> 
     </span>
    </p>
   </div>
   <div class='ocr_carea' id='block_1_4' title="bbox 839 1170 3862 1406">
    <p class='ocr_par' dir='ltr' id='par_1_4' title="bbox 839 1170 3862 1406">
     <span class='ocr_line' id='line_1_5' title="bbox 839 1170 3862 1298; baseline -0.003 -34"><span class='ocrx_word' id='word_1_24' title='bbox 839 1213 1035 1265; x_wconf 75' lang='lat' dir='ltr'><strong>rum.</strong></span> <span class='ocrx_word' id='word_1_25' title='bbox 1110 1180 1455 1267; x_wconf 74' lang='lat' dir='ltr'><strong>Ordinis</strong></span> <span class='ocrx_word' id='word_1_26' title='bbox 1533 1180 1830 1270; x_wconf 78' lang='lat' dir='ltr'><em>Sancti</em></span> <span class='ocrx_word' id='word_1_27' title='bbox 1873 1179 2238 1267; x_wconf 82' lang='lat' dir='ltr'><em>Antonii</em></span> <span class='ocrx_word' id='word_1_28' title='bbox 2281 1176 2645 1264; x_wconf 78' lang='lat' dir='ltr'><strong>Abbatis</strong></span> <span class='ocrx_word' id='word_1_29' title='bbox 2703 1175 3393 1298; x_wconf 78' lang='lat' dir='ltr'><strong>Congregationis</strong></span> <span class='ocrx_word' id='word_1_30' title='bbox 3442 1173 3528 1258; x_wconf 85' lang='lat' dir='ltr'><strong>S.</strong></span> <span class='ocrx_word' id='word_1_31' title='bbox 3580 1170 3862 1258; x_wconf 79' lang='lat' dir='ltr'><em>Isaiae</em></span> 
     </span>
     <span class='ocr_line' id='line_1_6' title="bbox 859 1303 3690 1406; baseline -0.003 -22"><span class='ocrx_word' id='word_1_32' title='bbox 859 1307 948 1384; x_wconf 83' lang='lat' dir='ltr'><strong>in</strong></span> <span class='ocrx_word' id='word_1_33' title='bbox 998 1303 1283 1406; x_wconf 67' lang='lat' dir='ltr'><strong>Syria.</strong></span> <span class='ocrx_word' id='word_1_34' title='bbox 3687 1332 3690 1337; x_wconf 87' lang='lat'><strong>·</strong></span> 
     </span>
    </p>
   </div>
   <div class='ocr_carea' id='block_1_5' title="bbox 1187 1480 3168 1695">
    <p class='ocr_par' dir='ltr' id='par_1_5' title="bbox 1187 1480 3168 1695">
     <span class='ocr_line' id='line_1_7' title="bbox 1187 1480 3168 1695; baseline -0.01 -28"><span class='ocrx_word' id='word_1_35' title='bbox 1187 1480 2320 1695; x_wconf 13' lang='lat' dir='ltr'><strong>CLEMENJS</strong></span> <span class='ocrx_word' id='word_1_36' title='bbox 2438 1502 2697 1648; x_wconf 83' lang='lat' dir='ltr'><strong>PP.</strong></span> <span class='ocrx_word' id='word_1_37' title='bbox 2823 1534 3168 1650; x_wconf 86' lang='lat' dir='ltr'><strong>XII.</strong></span> 
     </span>
    </p>
   </div>
   <div class='ocr_carea' id='block_1_6' title="bbox 1434 1785 2898 1902">
    <p class='ocr_par' dir='ltr' id='par_1_6' title="bbox 1434 1785 2898 1902">
     <span class='ocr_line' id='line_1_8' title="bbox 1434 1785 2898 1902; baseline -0.005 -26"><span class='ocrx_word' id='word_1_38' title='bbox 1434 1785 1587 1876; x_wconf 83' lang='lat' dir='ltr'><strong>Ad</strong></span> <span class='ocrx_word' id='word_1_39' title='bbox 1625 1803 2122 1902; x_wconf 80' lang='lat' dir='ltr'><strong>perpetuam</strong></span> <span class='ocrx_word' id='word_1_40' title='bbox 2182 1787 2313 1867; x_wconf 78' lang='lat' dir='ltr'><strong>rei</strong></span> <span class='ocrx_word' id='word_1_41' title='bbox 2377 1790 2898 1870; x_wconf 75' lang='lat' dir='ltr'><strong>memoriam.</strong></span> 
     </span>
    </p>
   </div>
   <div class='ocr_carea' id='block_1_7' title="bbox 486 2058 4375 4904">
    <p class='ocr_par' dir='ltr' id='par_1_7' title="bbox 486 2058 4375 3073">
     <span class='ocr_line' id='line_1_9' title="bbox 608 2058 4259 2265; baseline -0.001 -29"><span class='ocrx_word' id='word_1_42' title='bbox 608 2146 685 2250; x_wconf 64' lang='grc' dir='ltr'><strong>δ’.</strong></span> <span class='ocrx_word' id='word_1_43' title='bbox 754 2058 1631 2262; x_wconf 83' lang='lat' dir='ltr'><strong>Misericordiarum</strong></span> <span class='ocrx_word' id='word_1_44' title='bbox 1685 2148 1982 2259; x_wconf 79' lang='lat' dir='ltr'><strong>Pater,</strong></span> <span class='ocrx_word' id='word_1_45' title='bbox 2036 2168 2119 2233; x_wconf 87' lang='lat' dir='ltr'><strong>et</strong></span> <span class='ocrx_word' id='word_1_46' title='bbox 2166 2146 2397 2233; x_wconf 79' lang='lat' dir='ltr'><strong>Deus</strong></span> <span class='ocrx_word' id='word_1_47' title='bbox 2456 2147 2703 2232; x_wconf 86' lang='lat' dir='ltr'><strong>totius</strong></span> <span class='ocrx_word' id='word_1_48' title='bbox 2753 2145 3330 2234; x_wconf 77' lang='lat' dir='ltr'>consolationis</span> <span class='ocrx_word' id='word_1_49' title='bbox 3368 2212 3392 2255; x_wconf 90' lang='lat'>‚</span> <span class='ocrx_word' id='word_1_50' title='bbox 3446 2149 3592 2265; x_wconf 89' lang='lat' dir='ltr'><strong>qui</strong></span> <span class='ocrx_word' id='word_1_51' title='bbox 3655 2178 3864 2234; x_wconf 90' lang='lat' dir='ltr'><strong>sem·</strong></span> <span class='ocrx_word' id='word_1_52' title='bbox 3951 2233 3965 2247; x_wconf 74' lang='lat'><em>,</em></span> <span class='ocrx_word' id='word_1_53' title='bbox 4010 2137 4259 2248; x_wconf 52' lang='lat' dir='ltr'><strong>Pqimus</strong></span> 
     </span>
     <span class='ocr_line' id='line_1_10' title="bbox 486 2229 4261 2408; baseline -0.001 -52"><span class='ocrx_word' id='word_1_54' title='bbox 486 2302 637 2385; x_wconf 84' lang='lat' dir='ltr'><strong>per</strong></span> <span class='ocrx_word' id='word_1_55' title='bbox 670 2333 694 2376; x_wconf 88' lang='lat'>,</span> <span class='ocrx_word' id='word_1_56' title='bbox 779 2301 874 2354; x_wconf 89' lang='lat' dir='ltr'><strong>ac</strong></span> <span class='ocrx_word' id='word_1_57' title='bbox 922 2272 1399 2382; x_wconf 87' lang='lat' dir='ltr'><strong>praesertim</strong></span> <span class='ocrx_word' id='word_1_58' title='bbox 1450 2270 1666 2353; x_wconf 87' lang='lat' dir='ltr'><strong>inter</strong></span> <span class='ocrx_word' id='word_1_59' title='bbox 1716 2269 2225 2380; x_wconf 84' lang='lat' dir='ltr'><strong>gravissimas</strong></span> <span class='ocrx_word' id='word_1_60' title='bbox 2288 2267 2801 2354; x_wconf 88' lang='lat' dir='ltr'><strong>Sacrosancti</strong></span> <span class='ocrx_word' id='word_1_61' title='bbox 2854 2268 3384 2380; x_wconf 88' lang='lat' dir='ltr'><strong>Apostolatus</strong></span> <span class='ocrx_word' id='word_1_62' title='bbox 3434 2299 3673 2355; x_wconf 89' lang='lat' dir='ltr'><strong>curas</strong></span> <span class='ocrx_word' id='word_1_63' title='bbox 3703 2330 3729 2375; x_wconf 83' lang='lat'>‚</span> <span class='ocrx_word' id='word_1_64' title='bbox 3780 2290 3865 2355; x_wconf 85' lang='lat' dir='ltr'><strong>et</strong></span> <span class='ocrx_word' id='word_1_65' title='bbox 3887 2229 4261 2408; x_wconf 47' lang='grc' dir='ltr'><strong>ᾓξξξέζᾌ</strong></span> 
     </span>
     <span class='ocr_line' id='line_1_11' title="bbox 490 2386 4375 2506; baseline 0.002 -33"><span class='ocrx_word' id='word_1_66' title='bbox 490 2386 1092 2477; x_wconf 82' lang='lat' dir='ltr'><strong>sollicitudines</strong></span> <span class='ocrx_word' id='word_1_67' title='bbox 1155 2389 1626 2475; x_wconf 84' lang='lat' dir='ltr'><strong>consolatur</strong></span> <span class='ocrx_word' id='word_1_68' title='bbox 1687 2388 1860 2474; x_wconf 88' lang='lat' dir='ltr'><strong>Nos</strong></span> <span class='ocrx_word' id='word_1_69' title='bbox 1924 2391 2008 2472; x_wconf 90' lang='lat' dir='ltr'><strong>in</strong></span> <span class='ocrx_word' id='word_1_70' title='bbox 2080 2387 2308 2472; x_wconf 89' lang='lat' dir='ltr'><strong>omni</strong></span> <span class='ocrx_word' id='word_1_71' title='bbox 2389 2387 2927 2474; x_wconf 74' lang='lat' dir='ltr'><strong>tribulatione</strong></span> <span class='ocrx_word' id='word_1_72' title='bbox 3015 2412 3342 2497; x_wconf 88' lang='lat' dir='ltr'><strong>nostra,</strong></span> <span class='ocrx_word' id='word_1_73' title='bbox 3431 2414 3528 2476; x_wconf 86' lang='lat' dir='ltr'><strong>ut</strong></span> <span class='ocrx_word' id='word_1_74' title='bbox 3574 2414 3660 2476; x_wconf 92' lang='lat' dir='ltr'><strong>et</strong></span> <span class='ocrx_word' id='word_1_75' title='bbox 3694 2391 3857 2503; x_wconf 73' lang='lat' dir='ltr'><strong>&#39;ipsi</strong></span> <span class='ocrx_word' id='word_1_76' title='bbox 3887 2416 4202 2506; x_wconf 78' lang='lat' dir='ltr'><strong>gregatio-</strong></span> <span class='ocrx_word' id='word_1_77' title='bbox 4362 2490 4375 2505; x_wconf 83' lang='lat'><strong>.</strong></span> 
     </span>
     <span class='ocr_line' id='line_1_12' title="bbox 488 2507 4343 2625; baseline 0 -31"><span class='ocrx_word' id='word_1_78' title='bbox 488 2532 828 2623; x_wconf 85' lang='lat' dir='ltr'><strong>paterna</strong></span> <span class='ocrx_word' id='word_1_79' title='bbox 879 2512 1213 2597; x_wconf 86' lang='lat' dir='ltr'><strong>caritate</strong></span> <span class='ocrx_word' id='word_1_80' title='bbox 1275 2510 1917 2619; x_wconf 75' lang='lat' dir='ltr'><strong>complectentes</strong></span> <span class='ocrx_word' id='word_1_81' title='bbox 1964 2569 1988 2612; x_wconf 89' lang='lat'>‚</span> <span class='ocrx_word' id='word_1_82' title='bbox 2057 2537 2196 2593; x_wconf 88' lang='lat' dir='ltr'><strong>eos</strong></span> <span class='ocrx_word' id='word_1_83' title='bbox 2257 2508 2404 2625; x_wconf 88' lang='lat' dir='ltr'><strong>qui</strong></span> <span class='ocrx_word' id='word_1_84' title='bbox 2466 2511 2551 2593; x_wconf 87' lang='lat' dir='ltr'><strong>in</strong></span> <span class='ocrx_word' id='word_1_85' title='bbox 2603 2510 2834 2593; x_wconf 88' lang='lat' dir='ltr'><strong>omni</strong></span> <span class='ocrx_word' id='word_1_86' title='bbox 2884 2538 3257 2623; x_wconf 85' lang='lat' dir='ltr'><strong>pressura</strong></span> <span class='ocrx_word' id='word_1_87' title='bbox 3307 2532 3504 2595; x_wconf 89' lang='lat' dir='ltr'><strong>sunt</strong></span> <span class='ocrx_word' id='word_1_88' title='bbox 3535 2572 3557 2617; x_wconf 88' lang='lat'>‚</span> <span class='ocrx_word' id='word_1_89' title='bbox 3668 2540 3862 2595; x_wconf 84' lang='lat' dir='ltr'><strong>con·</strong></span> <span class='ocrx_word' id='word_1_90' title='bbox 3887 2507 4266 2615; x_wconf 58' lang='lat' dir='ltr'><strong>nisttomam</strong></span> <span class='ocrx_word' id='word_1_91' title='bbox 4310 2586 4343 2613; x_wconf 63' lang='grc'>,</span> 
     </span>
     <span class='ocr_line' id='line_1_13' title="bbox 489 2613 4076 2741; baseline 0 -28"><span class='ocrx_word' id='word_1_92' title='bbox 489 2628 735 2741; x_wconf 87' lang='lat' dir='ltr'><strong>solari</strong></span> <span class='ocrx_word' id='word_1_93' title='bbox 767 2632 1185 2740; x_wconf 79' lang='lat' dir='ltr'><strong>possimus</strong></span> <span class='ocrx_word' id='word_1_94' title='bbox 1222 2692 1246 2737; x_wconf 89' lang='lat'><strong>,</strong></span> <span class='ocrx_word' id='word_1_95' title='bbox 1306 2626 1707 2715; x_wconf 83' lang='lat' dir='ltr'><strong>ineffabili</strong></span> <span class='ocrx_word' id='word_1_96' title='bbox 1758 2627 2128 2727; x_wconf 78' lang='lat' dir='ltr'><strong>bonitate</strong></span> <span class='ocrx_word' id='word_1_97' title='bbox 2204 2658 2346 2715; x_wconf 86' lang='lat' dir='ltr'><strong>sua</strong></span> <span class='ocrx_word' id='word_1_98' title='bbox 2402 2625 2870 2717; x_wconf 80' lang='lat' dir='ltr'><strong>consolatus</strong></span> <span class='ocrx_word' id='word_1_99' title='bbox 2939 2650 3061 2712; x_wconf 85' lang='lat' dir='ltr'><strong>est</strong></span> <span class='ocrx_word' id='word_1_100' title='bbox 3121 2627 3294 2714; x_wconf 86' lang='lat' dir='ltr'><strong>Nos</strong></span> <span class='ocrx_word' id='word_1_101' title='bbox 3343 2633 3431 2714; x_wconf 89' lang='lat' dir='ltr'><strong>in</strong></span> <span class='ocrx_word' id='word_1_102' title='bbox 3495 2613 4076 2716; x_wconf 53' lang='lat' dir='ltr'><strong>adv-entuwmt·</strong></span> 
     </span>
     <span class='ocr_line' id='line_1_14' title="bbox 491 2738 4113 2862; baseline 0.001 -31"><span class='ocrx_word' id='word_1_103' title='bbox 491 2745 774 2835; x_wconf 85' lang='lat' dir='ltr'><strong>dilecti</strong></span> <span class='ocrx_word' id='word_1_104' title='bbox 828 2747 977 2834; x_wconf 88' lang='lat' dir='ltr'><strong>filii</strong></span> <span class='ocrx_word' id='word_1_105' title='bbox 1027 2750 1249 2835; x_wconf 87' lang='lat' dir='ltr'><strong>Petri</strong></span> <span class='ocrx_word' id='word_1_106' title='bbox 1316 2749 1635 2857; x_wconf 84' lang='lat' dir='ltr'><strong>Hataya</strong></span> <span class='ocrx_word' id='word_1_107' title='bbox 1687 2745 2080 2849; x_wconf 77' lang='lat' dir='ltr'><strong>Monachi</strong></span> <span class='ocrx_word' id='word_1_108' title='bbox 2127 2777 2498 2861; x_wconf 75' lang='lat' dir='ltr'><strong>expresse</strong></span> <span class='ocrx_word' id='word_1_109' title='bbox 2547 2744 2888 2860; x_wconf 79' lang='lat' dir='ltr'><strong>professi</strong></span> <span class='ocrx_word' id='word_1_110' title='bbox 2924 2782 2967 2851; x_wconf 85' lang='lat'><strong>,·</strong></span> <span class='ocrx_word' id='word_1_111' title='bbox 3004 2778 3098 2833; x_wconf 87' lang='lat' dir='ltr'><strong>ac</strong></span> <span class='ocrx_word' id='word_1_112' title='bbox 3147 2752 3391 2862; x_wconf 88' lang='lat' dir='ltr'><strong>primi</strong></span> <span class='ocrx_word' id='word_1_113' title='bbox 3442 2747 3869 2835; x_wconf 86' lang='lat' dir='ltr'><strong>Diffinito-</strong></span> <span class='ocrx_word' id='word_1_114' title='bbox 4106 2738 4113 2755; x_wconf 72' lang='grc'><strong>’</strong></span> 
     </span>
     <span class='ocr_line' id='line_1_15' title="bbox 493 2865 3870 2986; baseline 0.001 -34"><span class='ocrx_word' id='word_1_115' title='bbox 493 2868 603 2952; x_wconf 88' lang='lat' dir='ltr'><strong>ris</strong></span> <span class='ocrx_word' id='word_1_116' title='bbox 655 2866 1000 2952; x_wconf 82' lang='lat' dir='ltr'><strong>Ordinis</strong></span> <span class='ocrx_word' id='word_1_117' title='bbox 1072 2871 1149 2951; x_wconf 81' lang='lat' dir='ltr'><strong>S.</strong></span> <span class='ocrx_word' id='word_1_118' title='bbox 1222 2870 1570 2957; x_wconf 78' lang='lat' dir='ltr'><strong>Antonii</strong></span> <span class='ocrx_word' id='word_1_119' title='bbox 1639 2868 1993 2955; x_wconf 82' lang='lat' dir='ltr'><strong>Abbatis</strong></span> <span class='ocrx_word' id='word_1_120' title='bbox 2041 2865 2722 2980; x_wconf 72' lang='lat' dir='ltr'><strong>congregationis</strong></span> <span class='ocrx_word' id='word_1_121' title='bbox 2789 2869 3077 2980; x_wconf 78' lang='lat' dir='ltr'><strong>syriae</strong></span> <span class='ocrx_word' id='word_1_122' title='bbox 3130 2871 3213 2955; x_wconf 88' lang='lat' dir='ltr'><strong>S.</strong></span> <span class='ocrx_word' id='word_1_123' title='bbox 3268 2868 3527 2955; x_wconf 78' lang='lat' dir='ltr'><strong>Isaiae</strong></span> <span class='ocrx_word' id='word_1_124' title='bbox 3590 2868 3870 2986; x_wconf 84' lang='lat' dir='ltr'><strong>appel-</strong></span> 
     </span>
     <span class='ocr_line' id='line_1_16' title="bbox 499 2987 2557 3073; baseline 0.002 -5"><span class='ocrx_word' id='word_1_125' title='bbox 499 2987 731 3071; x_wconf 83' lang='lat' dir='ltr'><strong>latae.</strong></span> <span class='ocrx_word' id='word_1_126' title='bbox 1687 3024 1695 3031; x_wconf 95' lang='lat'>·</span> <span class='ocrx_word' id='word_1_127' title='bbox 1983 3062 1990 3073; x_wconf 89' lang='lat'><strong>.</strong></span> <span class='ocrx_word' id='word_1_128' title='bbox 2550 3032 2557 3041; x_wconf 87' lang='lat'><strong>·</strong></span> 
     </span>
    </p>

    <p class='ocr_par' dir='ltr' id='par_1_8' title="bbox 494 3096 4269 4904">
     <span class='ocr_line' id='line_1_17' title="bbox 616 3096 4263 3235; baseline 0.002 -47"><span class='ocrx_word' id='word_1_129' title='bbox 616 3108 683 3205; x_wconf 77' lang='lat' dir='ltr'><strong>S.</strong></span> <span class='ocrx_word' id='word_1_130' title='bbox 735 3096 819 3199; x_wconf 52' lang='lat'><strong>22.</strong></span> <span class='ocrx_word' id='word_1_131' title='bbox 889 3106 1376 3193; x_wconf 19' lang='lat' dir='ltr'><strong>Hicfautem</strong></span> <span class='ocrx_word' id='word_1_132' title='bbox 1443 3139 1489 3196; x_wconf 91' lang='lat' dir='ltr'><strong>e</strong></span> <span class='ocrx_word' id='word_1_133' title='bbox 1554 3108 1847 3235; x_wconf 68' lang='lat' dir='ltr'><strong>Syria„</strong></span> <span class='ocrx_word' id='word_1_134' title='bbox 1911 3106 2591 3205; x_wconf 76' lang='lat' dir='ltr'><strong>ubiOrthodoxa</strong></span> <span class='ocrx_word' id='word_1_135' title='bbox 2658 3105 3091 3195; x_wconf 88' lang='lat' dir='ltr'><strong>Catholica</strong></span> <span class='ocrx_word' id='word_1_136' title='bbox 3156 3107 3404 3196; x_wconf 87' lang='lat' dir='ltr'><strong>Fides</strong></span> <span class='ocrx_word' id='word_1_137' title='bbox 3464 3111 3679 3196; x_wconf 86' lang='lat' dir='ltr'><strong>inter</strong></span> <span class='ocrx_word' id='word_1_138' title='bbox 3728 3107 3870 3195; x_wconf 85' lang='lat' dir='ltr'><strong>ad·</strong></span> <span class='ocrx_word' id='word_1_139' title='bbox 3992 3108 4263 3217; x_wconf 43' lang='lat' dir='ltr'><strong>nomine</strong></span> 
     </span>
     <span class='ocr_line' id='line_1_18' title="bbox 497 3202 4269 3359; baseline 0.002 -53"><span class='ocrx_word' id='word_1_140' title='bbox 497 3254 767 3310; x_wconf 79' lang='lat' dir='ltr'><strong>versas</strong></span> <span class='ocrx_word' id='word_1_141' title='bbox 817 3230 1412 3340; x_wconf 85' lang='lat' dir='ltr'><strong>superstitionis</strong></span> <span class='ocrx_word' id='word_1_142' title='bbox 1448 3292 1472 3332; x_wconf 86' lang='lat'>‚</span> <span class='ocrx_word' id='word_1_143' title='bbox 1527 3253 1608 3314; x_wconf 81' lang='lat' dir='ltr'><strong>et</strong></span> <span class='ocrx_word' id='word_1_144' title='bbox 1651 3229 2011 3321; x_wconf 77' lang='lat' dir='ltr'><strong>haeresis</strong></span> <span class='ocrx_word' id='word_1_145' title='bbox 2062 3233 2339 3331; x_wconf 75' lang='lat' dir='ltr'><strong>Sectas</strong></span> <span class='ocrx_word' id='word_1_146' title='bbox 2377 3229 2972 3315; x_wconf 81' lang='lat' dir='ltr'><strong>.a-Maronitica</strong></span> <span class='ocrx_word' id='word_1_147' title='bbox 3010 3228 3368 3315; x_wconf 85' lang='lat' dir='ltr'><strong>Natione</strong></span> <span class='ocrx_word' id='word_1_148' title='bbox 3421 3228 3617 3316; x_wconf 84' lang='lat' dir='ltr'><strong>hnic</strong></span> <span class='ocrx_word' id='word_1_149' title='bbox 3666 3229 3866 3315; x_wconf 88' lang='lat' dir='ltr'><strong>San·-</strong></span> <span class='ocrx_word' id='word_1_150' title='bbox 3891 3202 4269 3359; x_wconf 44' lang='lat' dir='ltr'><strong>togujtgon·</strong></span> 
     </span>
     <span class='ocr_line' id='line_1_19' title="bbox 497 3314 4261 3473; baseline 0.002 -45"><span class='ocrx_word' id='word_1_151' title='bbox 497 3368 676 3431; x_wconf 87' lang='lat' dir='ltr'><strong>ctae</strong></span> <span class='ocrx_word' id='word_1_152' title='bbox 727 3345 920 3433; x_wconf 87' lang='lat' dir='ltr'><strong>Sedi</strong></span> <span class='ocrx_word' id='word_1_153' title='bbox 986 3378 1305 3458; x_wconf 79' lang='lat' dir='ltr'><strong>semper</strong></span> <span class='ocrx_word' id='word_1_154' title='bbox 1353 3346 1903 3435; x_wconf 70' lang='lat' dir='ltr'><strong>addictissimo</strong></span> <span class='ocrx_word' id='word_1_155' title='bbox 1986 3352 2510 3459; x_wconf 75' lang='lat' dir='ltr'><strong>integerrime</strong></span> <span class='ocrx_word' id='word_1_156' title='bbox 2561 3349 2913 3454; x_wconf 54' lang='lat' dir='ltr'><strong>colitur,</strong></span> <span class='ocrx_word' id='word_1_157' title='bbox 2977 3373 3061 3443; x_wconf 80' lang='lat' dir='ltr'><strong>et</strong></span> <span class='ocrx_word' id='word_1_158' title='bbox 3122 3348 3584 3436; x_wconf 85' lang='lat' dir='ltr'><strong>custoditur</strong></span> <span class='ocrx_word' id='word_1_159' title='bbox 3616 3414 3645 3453; x_wconf 86' lang='lat'><strong><em>,</em></strong></span> <span class='ocrx_word' id='word_1_160' title='bbox 3718 3348 3869 3434; x_wconf 81' lang='lat' dir='ltr'><strong>ad-</strong></span> <span class='ocrx_word' id='word_1_161' title='bbox 3893 3314 4261 3473; x_wconf 52' lang='lat' dir='ltr'><strong>{isgpwae</strong></span> 
     </span>
     <span class='ocr_line' id='line_1_20' title="bbox 495 3466 4159 3583; baseline 0.002 -33"><span class='ocrx_word' id='word_1_162' title='bbox 495 3468 895 3574; x_wconf 68' lang='lat' dir='ltr'><strong>veniens,</strong></span> <span class='ocrx_word' id='word_1_163' title='bbox 965 3467 1226 3552; x_wconf 89' lang='lat' dir='ltr'><strong>Nobis</strong></span> <span class='ocrx_word' id='word_1_164' title='bbox 1311 3501 1576 3582; x_wconf 86' lang='lat' dir='ltr'><strong>nuper</strong></span> <span class='ocrx_word' id='word_1_165' title='bbox 1637 3502 1788 3583; x_wconf 84' lang='lat' dir='ltr'><strong>pro</strong></span> <span class='ocrx_word' id='word_1_166' title='bbox 1827 3493 2090 3583; x_wconf 71' lang='lat' dir='ltr'><strong>parte</strong></span> <span class='ocrx_word' id='word_1_167' title='bbox 2138 3471 2631 3559; x_wconf 82' lang='lat' dir='ltr'><strong>dilectorum</strong></span> <span class='ocrx_word' id='word_1_168' title='bbox 2680 3466 3047 3554; x_wconf 83' lang='lat' dir='ltr'><strong>filiorum</strong></span> <span class='ocrx_word' id='word_1_169' title='bbox 3098 3470 3461 3555; x_wconf 85' lang='lat' dir='ltr'><strong>Simonis</strong></span> <span class='ocrx_word' id='word_1_170' title='bbox 3511 3467 4159 3582; x_wconf 65' lang='lat' dir='ltr'><strong>Hariddiporrigjt</strong></span> 
     </span>
     <span class='ocr_line' id='line_1_21' title="bbox 494 3568 4269 3724; baseline 0.003 -59"><span class='ocrx_word' id='word_1_171' title='bbox 494 3582 851 3673; x_wconf 85' lang='lat' dir='ltr'><strong>Abbatis</strong></span> <span class='ocrx_word' id='word_1_172' title='bbox 902 3585 1390 3694; x_wconf 85' lang='lat' dir='ltr'><strong>Generalis,</strong></span> <span class='ocrx_word' id='word_1_173' title='bbox 1463 3613 1544 3675; x_wconf 89' lang='lat' dir='ltr'><strong>et</strong></span> <span class='ocrx_word' id='word_1_174' title='bbox 1620 3588 2070 3677; x_wconf 82' lang='lat' dir='ltr'><strong>Abrahami</strong></span> <span class='ocrx_word' id='word_1_175' title='bbox 2123 3587 2382 3694; x_wconf 86' lang='lat' dir='ltr'><strong>Esaf‚</strong></span> <span class='ocrx_word' id='word_1_176' title='bbox 2474 3589 2776 3675; x_wconf 85' lang='lat' dir='ltr'><strong>Bimini</strong></span> <span class='ocrx_word' id='word_1_177' title='bbox 2864 3590 3123 3701; x_wconf 78' lang='lat' dir='ltr'><strong>Agis,</strong></span> <span class='ocrx_word' id='word_1_178' title='bbox 3191 3590 3417 3676; x_wconf 80' lang='lat' dir='ltr'><strong>Petri</strong></span> <span class='ocrx_word' id='word_1_179' title='bbox 3464 3612 3547 3693; x_wconf 77' lang='lat' dir='ltr'><strong>et</strong></span> <span class='ocrx_word' id='word_1_180' title='bbox 3610 3568 4269 3724; x_wconf 52' lang='lat' dir='ltr'><strong>-Paulig⁰¹¹¹¹g²¹t¹:&#39;-</strong></span> 
     </span>
     <span class='ocr_line' id='line_1_22' title="bbox 500 3681 4262 3844; baseline 0.002 -55"><span class='ocrx_word' id='word_1_181' title='bbox 500 3703 829 3791; x_wconf 87' lang='lat' dir='ltr'><strong>Chiami</strong></span> <span class='ocrx_word' id='word_1_182' title='bbox 883 3705 1455 3794; x_wconf 78' lang='lat' dir='ltr'><strong>Distinitorum</strong></span> <span class='ocrx_word' id='word_1_183' title='bbox 1490 3772 1516 3814; x_wconf 87' lang='lat'>‚</span> <span class='ocrx_word' id='word_1_184' title='bbox 1591 3735 1856 3827; x_wconf 69' lang='lat' dir='ltr'><strong>atque,</strong></span> <span class='ocrx_word' id='word_1_185' title='bbox 1919 3714 2291 3797; x_wconf 79' lang='lat' dir='ltr'><strong>omnium</strong></span> <span class='ocrx_word' id='word_1_186' title='bbox 2370 3708 2971 3797; x_wconf 82' lang='lat' dir='ltr'><strong>Monachorum</strong></span> <span class='ocrx_word' id='word_1_187' title='bbox 3026 3709 3431 3814; x_wconf 66' lang='lat' dir='ltr'><strong>Ordinis3</strong></span> <span class='ocrx_word' id='word_1_188' title='bbox 3493 3709 3866 3799; x_wconf 67' lang='lat' dir='ltr'><strong>et·Gone·</strong></span> <span class='ocrx_word' id='word_1_189' title='bbox 3904 3681 4262 3844; x_wconf 47' lang='lat' dir='ltr'><strong>pssobzndgs</strong></span> 
     </span>
     <span class='ocr_line' id='line_1_23' title="bbox 497 3826 3878 3946; baseline 0.002 -35"><span class='ocrx_word' id='word_1_190' title='bbox 497 3831 985 3938; x_wconf 82' lang='lat' dir='ltr'><strong>gregationis</strong></span> <span class='ocrx_word' id='word_1_191' title='bbox 1050 3827 1383 3942; x_wconf 84' lang='lat' dir='ltr'><strong>praefat.</strong></span> <span class='ocrx_word' id='word_1_192' title='bbox 1438 3838 1732 3944; x_wconf 85' lang='lat' dir='ltr'><strong>exponi</strong></span> <span class='ocrx_word' id='word_1_193' title='bbox 1785 3827 2035 3936; x_wconf 66' lang='lat' dir='ltr'><strong>fecit,</strong></span> <span class='ocrx_word' id='word_1_194' title='bbox 2104 3828 2328 3946; x_wconf 85' lang='lat' dir='ltr'><strong>quod</strong></span> <span class='ocrx_word' id='word_1_195' title='bbox 2381 3832 2573 3916; x_wconf 80' lang='lat' dir='ltr'><strong>licet</strong></span> <span class='ocrx_word' id='word_1_196' title='bbox 2629 3833 2772 3943; x_wconf 87' lang='lat' dir='ltr'><strong>ipsi</strong></span> <span class='ocrx_word' id='word_1_197' title='bbox 2826 3826 3153 3917; x_wconf 74' lang='lat' dir='ltr'><strong>easdem</strong></span> <span class='ocrx_word' id='word_1_198' title='bbox 3222 3829 3878 3933; x_wconf 62' lang='lat' dir='ltr'><strong>Constitutiones</strong></span> 
     </span>
     <span class='ocr_line' id='line_1_24' title="bbox 500 3949 3876 4068; baseline 0.001 -36"><span class='ocrx_word' id='word_1_199' title='bbox 500 3952 583 4032; x_wconf 90' lang='lat' dir='ltr'><strong>in</strong></span> <span class='ocrx_word' id='word_1_200' title='bbox 642 3949 1063 4033; x_wconf 90' lang='lat' dir='ltr'><strong>nonnullis</strong></span> <span class='ocrx_word' id='word_1_201' title='bbox 1119 3949 1439 4035; x_wconf 88' lang='lat' dir='ltr'><strong>levibus</strong></span> <span class='ocrx_word' id='word_1_202' title='bbox 1494 3951 1736 4037; x_wconf 88' lang='lat' dir='ltr'><strong>rebus</strong></span> <span class='ocrx_word' id='word_1_203' title='bbox 1793 3952 2261 4036; x_wconf 85' lang='lat' dir='ltr'><strong>immutatas</strong></span> <span class='ocrx_word' id='word_1_204' title='bbox 2300 4013 2323 4052; x_wconf 92' lang='lat'>,</span> <span class='ocrx_word' id='word_1_205' title='bbox 2408 3982 2612 4068; x_wconf 85' lang='lat' dir='ltr'><strong>quas</strong></span> <span class='ocrx_word' id='word_1_206' title='bbox 2665 3983 2809 4064; x_wconf 81' lang='lat' dir='ltr'><strong>por</strong></span> <span class='ocrx_word' id='word_1_207' title='bbox 2861 3950 3055 4035; x_wconf 84' lang='lat' dir='ltr'><strong>alias</strong></span> <span class='ocrx_word' id='word_1_208' title='bbox 3126 3973 3437 4036; x_wconf 82' lang='lat' dir='ltr'><strong>nostras</strong></span> <span class='ocrx_word' id='word_1_209' title='bbox 3492 3954 3571 4036; x_wconf 90' lang='lat' dir='ltr'><strong>in</strong></span> <span class='ocrx_word' id='word_1_210' title='bbox 3626 3953 3876 4037; x_wconf 86' lang='lat' dir='ltr'><strong>simili</strong></span> 
     </span>
     <span class='ocr_line' id='line_1_25' title="bbox 497 4065 3878 4186; baseline 0.001 -35"><span class='ocrx_word' id='word_1_211' title='bbox 497 4065 759 4151; x_wconf 83' lang='lat' dir='ltr'><strong>forma</strong></span> <span class='ocrx_word' id='word_1_212' title='bbox 827 4067 1110 4152; x_wconf 86' lang='lat' dir='ltr'><strong>Brevis</strong></span> <span class='ocrx_word' id='word_1_213' title='bbox 1174 4067 1309 4153; x_wconf 90' lang='lat' dir='ltr'><strong>die</strong></span> <span class='ocrx_word' id='word_1_214' title='bbox 1366 4101 1501 4154; x_wconf 82' lang='lat'><strong>21.</strong></span> <span class='ocrx_word' id='word_1_215' title='bbox 1583 4071 2135 4173; x_wconf 29' lang='lat' dir='ltr'><strong>Martii-anno</strong></span> <span class='ocrx_word' id='word_1_216' title='bbox 2197 4074 2451 4186; x_wconf 84' lang='lat'><strong>1732.</strong></span> <span class='ocrx_word' id='word_1_217' title='bbox 2503 4068 2919 4182; x_wconf 78' lang='lat' dir='ltr'><strong>expeditas</strong></span> <span class='ocrx_word' id='word_1_218' title='bbox 3006 4073 3277 4154; x_wconf 77' lang='lat' dir='ltr'><strong>literas</strong></span> <span class='ocrx_word' id='word_1_219' title='bbox 3328 4105 3368 4154; x_wconf 89' lang='lat' dir='ltr'><strong>a</strong></span> <span class='ocrx_word' id='word_1_220' title='bbox 3422 4071 3684 4155; x_wconf 88' lang='lat' dir='ltr'><strong>Nobis</strong></span> <span class='ocrx_word' id='word_1_221' title='bbox 3736 4103 3878 4184; x_wconf 83' lang='lat' dir='ltr'><strong>ap·</strong></span> 
     </span>
     <span class='ocr_line' id='line_1_26' title="bbox 499 4183 3877 4300; baseline 0.003 -34"><span class='ocrx_word' id='word_1_222' title='bbox 499 4183 934 4300; x_wconf 77' lang='lat' dir='ltr'><strong>probataS,</strong></span> <span class='ocrx_word' id='word_1_223' title='bbox 1001 4208 1083 4269; x_wconf 87' lang='lat' dir='ltr'><strong>et</strong></span> <span class='ocrx_word' id='word_1_224' title='bbox 1134 4187 1655 4273; x_wconf 75' lang='lat' dir='ltr'><strong>confirmatas</strong></span> <span class='ocrx_word' id='word_1_225' title='bbox 1705 4189 2007 4275; x_wconf 87' lang='lat' dir='ltr'><strong>Dilecti</strong></span> <span class='ocrx_word' id='word_1_226' title='bbox 2077 4188 2366 4275; x_wconf 82' lang='lat' dir='ltr'><strong>itidem</strong></span> <span class='ocrx_word' id='word_1_227' title='bbox 2458 4190 2643 4272; x_wconf 93' lang='lat' dir='ltr'><strong>Filii</strong></span> <span class='ocrx_word' id='word_1_228' title='bbox 2723 4189 3110 4274; x_wconf 87' lang='lat' dir='ltr'><strong>Monaehi</strong></span> <span class='ocrx_word' id='word_1_229' title='bbox 3168 4192 3347 4299; x_wconf 82' lang='lat' dir='ltr'><strong>Syri</strong></span> <span class='ocrx_word' id='word_1_230' title='bbox 3418 4191 3877 4277; x_wconf 81' lang='lat' dir='ltr'><strong>Maronitae</strong></span> 
     </span>
     <span class='ocr_line' id='line_1_27' title="bbox 501 4300 3878 4422; baseline 0.001 -29"><span class='ocrx_word' id='word_1_231' title='bbox 501 4300 879 4420; x_wconf 79' lang='lat' dir='ltr'><strong>ejusdem</strong></span> <span class='ocrx_word' id='word_1_232' title='bbox 934 4302 1274 4420; x_wconf 85' lang='lat' dir='ltr'><strong>quidem</strong></span> <span class='ocrx_word' id='word_1_233' title='bbox 1340 4304 1683 4391; x_wconf 88' lang='lat' dir='ltr'><strong>Ordinis</strong></span> <span class='ocrx_word' id='word_1_234' title='bbox 1749 4309 2025 4394; x_wconf 80' lang='lat' dir='ltr'><strong>Sancti</strong></span> <span class='ocrx_word' id='word_1_235' title='bbox 2085 4313 2426 4397; x_wconf 80' lang='lat' dir='ltr'><strong>Antonii</strong></span> <span class='ocrx_word' id='word_1_236' title='bbox 2501 4309 2911 4414; x_wconf 85' lang='lat' dir='ltr'><strong>Abbatis‚</strong></span> <span class='ocrx_word' id='word_1_237' title='bbox 2989 4307 3135 4394; x_wconf 84' lang='lat' dir='ltr'><strong>sed</strong></span> <span class='ocrx_word' id='word_1_238' title='bbox 3198 4307 3878 4422; x_wconf 80' lang='lat' dir='ltr'><strong>Congregationis</strong></span> 
     </span>
     <span class='ocr_line' id='line_1_28' title="bbox 501 4423 3877 4546; baseline 0.001 -33"><span class='ocrx_word' id='word_1_239' title='bbox 501 4425 813 4517; x_wconf 77' lang='lat' dir='ltr'><strong>Montis</strong></span> <span class='ocrx_word' id='word_1_240' title='bbox 865 4423 1162 4527; x_wconf 78' lang='lat' dir='ltr'><strong>Libani</strong></span> <span class='ocrx_word' id='word_1_241' title='bbox 1217 4424 1485 4514; x_wconf 83' lang='lat' dir='ltr'><strong>dictae</strong></span> <span class='ocrx_word' id='word_1_242' title='bbox 1536 4426 1977 4515; x_wconf 80' lang='lat' dir='ltr'><strong>observant</strong></span> <span class='ocrx_word' id='word_1_243' title='bbox 2009 4492 2038 4531; x_wconf 86' lang='lat'><strong><em>,</em></strong></span> <span class='ocrx_word' id='word_1_244' title='bbox 2091 4428 2363 4546; x_wconf 85' lang='lat' dir='ltr'><strong>deque</strong></span> <span class='ocrx_word' id='word_1_245' title='bbox 2403 4432 2770 4544; x_wconf 72' lang='lat' dir='ltr'><strong>ipsorum</strong></span> <span class='ocrx_word' id='word_1_246' title='bbox 2822 4429 3481 4540; x_wconf 82' lang='lat' dir='ltr'><strong>Congregatione</strong></span> <span class='ocrx_word' id='word_1_247' title='bbox 3518 4428 3877 4517; x_wconf 71' lang='lat' dir='ltr'><strong>‘SJsaiae</strong></span> 
     </span>
     <span class='ocr_line' id='line_1_29' title="bbox 503 4542 3879 4659; baseline 0.003 -32"><span class='ocrx_word' id='word_1_248' title='bbox 503 4546 586 4627; x_wconf 89' lang='lat' dir='ltr'><strong>in</strong></span> <span class='ocrx_word' id='word_1_249' title='bbox 654 4542 1034 4659; x_wconf 85' lang='lat' dir='ltr'><strong>praefatis</strong></span> <span class='ocrx_word' id='word_1_250' title='bbox 1081 4546 1335 4635; x_wconf 88' lang='lat' dir='ltr'><strong>literis</strong></span> <span class='ocrx_word' id='word_1_251' title='bbox 1402 4550 1695 4635; x_wconf 83' lang='lat' dir='ltr'><strong>nostris</strong></span> <span class='ocrx_word' id='word_1_252' title='bbox 1747 4545 1960 4633; x_wconf 79' lang='lat' dir='ltr'><strong>facta</strong></span> <span class='ocrx_word' id='word_1_253' title='bbox 2021 4546 2272 4645; x_wconf 79' lang='lat' dir='ltr'><strong>fuerit</strong></span> <span class='ocrx_word' id='word_1_254' title='bbox 2322 4552 2687 4656; x_wconf 86' lang='lat' dir='ltr'><strong>mentio,</strong></span> <span class='ocrx_word' id='word_1_255' title='bbox 2779 4575 3050 4637; x_wconf 85' lang='lat' dir='ltr'><strong>tamen</strong></span> <span class='ocrx_word' id='word_1_256' title='bbox 3092 4615 3115 4654; x_wconf 90' lang='lat'>‚</span> <span class='ocrx_word' id='word_1_257' title='bbox 3182 4574 3276 4634; x_wconf 90' lang='lat' dir='ltr'><strong>ut</strong></span> <span class='ocrx_word' id='word_1_258' title='bbox 3330 4549 3683 4638; x_wconf 65' lang='lat' dir='ltr'><strong>fidelem</strong></span> <span class='ocrx_word' id='word_1_259' title='bbox 3715 4612 3751 4659; x_wconf 86' lang='lat'><strong>‚-</strong></span> <span class='ocrx_word' id='word_1_260' title='bbox 3795 4575 3879 4638; x_wconf 88' lang='lat' dir='ltr'><strong>et</strong></span> 
     </span>
     <span class='ocr_line' id='line_1_30' title="bbox 509 4665 3879 4785; baseline 0.002 -35"><span class='ocrx_word' id='word_1_261' title='bbox 509 4688 1075 4772; x_wconf 86' lang='lat' dir='ltr'><strong>constantem,</strong></span> <span class='ocrx_word' id='word_1_262' title='bbox 1147 4699 1395 4785; x_wconf 84' lang='lat' dir='ltr'><strong>qnam</strong></span> <span class='ocrx_word' id='word_1_263' title='bbox 1448 4665 1716 4752; x_wconf 81' lang='lat' dir='ltr'><strong>eidem</strong></span> <span class='ocrx_word' id='word_1_264' title='bbox 1786 4669 1864 4751; x_wconf 90' lang='lat' dir='ltr'><strong>S.</strong></span> <span class='ocrx_word' id='word_1_265' title='bbox 1943 4667 2139 4753; x_wconf 87' lang='lat' dir='ltr'><strong>Sedi</strong></span> <span class='ocrx_word' id='word_1_266' title='bbox 2188 4667 2682 4783; x_wconf 77' lang='lat' dir='ltr'><strong>profitentur</strong></span> <span class='ocrx_word' id='word_1_267' title='bbox 2716 4736 2745 4774; x_wconf 84' lang='lat'><em>,</em></span> <span class='ocrx_word' id='word_1_268' title='bbox 2814 4671 3471 4778; x_wconf 79' lang='lat' dir='ltr'><strong>observantiam,</strong></span> <span class='ocrx_word' id='word_1_269' title='bbox 3538 4696 3621 4759; x_wconf 86' lang='lat' dir='ltr'><strong>et</strong></span> <span class='ocrx_word' id='word_1_270' title='bbox 3680 4672 3879 4758; x_wconf 86' lang='lat' dir='ltr'><strong>obo-</strong></span> 
     </span>
     <span class='ocr_line' id='line_1_31' title="bbox 506 4783 3873 4904; baseline 0.003 -38"><span class='ocrx_word' id='word_1_271' title='bbox 506 4783 905 4877; x_wconf 85' lang='lat' dir='ltr'><strong>dientiam</strong></span> <span class='ocrx_word' id='word_1_272' title='bbox 968 4789 1318 4899; x_wconf 84' lang='lat' dir='ltr'><strong>alacrius</strong></span> <span class='ocrx_word' id='word_1_273' title='bbox 1371 4811 1740 4875; x_wconf 84' lang='lat' dir='ltr'><strong>testatam</strong></span> <span class='ocrx_word' id='word_1_274' title='bbox 1794 4786 2098 4874; x_wconf 84' lang='lat' dir='ltr'><strong>faciant</strong></span> <span class='ocrx_word' id='word_1_275' title='bbox 2148 4851 2172 4894; x_wconf 91' lang='lat'>,</span> <span class='ocrx_word' id='word_1_276' title='bbox 2249 4812 2333 4874; x_wconf 84' lang='lat' dir='ltr'><strong>et</strong></span> <span class='ocrx_word' id='word_1_277' title='bbox 2417 4789 2875 4877; x_wconf 84' lang='lat' dir='ltr'><strong>Nationalis</strong></span> <span class='ocrx_word' id='word_1_278' title='bbox 2926 4789 3238 4904; x_wconf 89' lang='lat' dir='ltr'><strong>Synodi</strong></span> <span class='ocrx_word' id='word_1_279' title='bbox 3300 4798 3735 4879; x_wconf 79' lang='lat' dir='ltr'><strong>novissime</strong></span> <span class='ocrx_word' id='word_1_280' title='bbox 3788 4795 3873 4877; x_wconf 87' lang='lat' dir='ltr'><strong>in</strong></span> 
     </span>
    </p>
   </div>
   <div class='ocr_carea' id='block_1_8' title="bbox 509 4901 3874 5028">
    <p class='ocr_par' dir='ltr' id='par_1_9' title="bbox 509 4901 3874 5028">
     <span class='ocr_line' id='line_1_32' title="bbox 509 4901 3874 5028; baseline 0.003 -44"><span class='ocrx_word' id='word_1_281' title='bbox 509 4901 802 4990; x_wconf 89' lang='lat' dir='ltr'><strong>Monte</strong></span> <span class='ocrx_word' id='word_1_282' title='bbox 853 4903 1177 4993; x_wconf 87' lang='lat' dir='ltr'><strong>Libano</strong></span> <span class='ocrx_word' id='word_1_283' title='bbox 1243 4905 1661 5022; x_wconf 82' lang='lat' dir='ltr'><strong>praedicto</strong></span> <span class='ocrx_word' id='word_1_284' title='bbox 1713 4910 2169 4997; x_wconf 84' lang='lat' dir='ltr'><strong>celebratae</strong></span> <span class='ocrx_word' id='word_1_285' title='bbox 2230 4906 2618 5016; x_wconf 87' lang='lat' dir='ltr'><strong>decreto,</strong></span> <span class='ocrx_word' id='word_1_286' title='bbox 2686 4912 2994 5028; x_wconf 84' lang='lat' dir='ltr'><strong>inquo</strong></span> <span class='ocrx_word' id='word_1_287' title='bbox 3046 4916 3635 5026; x_wconf 86' lang='lat' dir='ltr'><strong>praescriptum</strong></span> <span class='ocrx_word' id='word_1_288' title='bbox 3690 4910 3874 5018; x_wconf 75' lang='lat' dir='ltr'><strong>fuit,</strong></span> 
     </span>
    </p>
   </div>
   <div class='ocr_carea' id='block_1_9' title="bbox 359 5021 3880 5146">
    <p class='ocr_par' dir='ltr' id='par_1_10' title="bbox 359 5021 3880 5146">
     <span class='ocr_line' id='line_1_33' title="bbox 359 5021 3880 5146; baseline 0.005 -44"><span class='ocrx_word' id='word_1_289' title='bbox 359 5046 369 5057; x_wconf 86' lang='lat'><strong>·</strong></span> <span class='ocrx_word' id='word_1_290' title='bbox 508 5044 605 5104; x_wconf 86' lang='lat' dir='ltr'><strong>ut</strong></span> <span class='ocrx_word' id='word_1_291' title='bbox 641 5021 1066 5129; x_wconf 20' lang='lat' dir='ltr'><strong>‘Monachis</strong></span> <span class='ocrx_word' id='word_1_292' title='bbox 1119 5058 1404 5113; x_wconf 90' lang='lat' dir='ltr'><strong>omnes</strong></span> <span class='ocrx_word' id='word_1_293' title='bbox 1461 5027 1919 5115; x_wconf 85' lang='lat' dir='ltr'><strong>Maronitae</strong></span> <span class='ocrx_word' id='word_1_294' title='bbox 2001 5062 2188 5116; x_wconf 85' lang='lat' dir='ltr'><strong>suas</strong></span> <span class='ocrx_word' id='word_1_295' title='bbox 2238 5028 2893 5118; x_wconf 83' lang='lat' dir='ltr'><strong>Constitutiones</strong></span> <span class='ocrx_word' id='word_1_296' title='bbox 2954 5032 3061 5117; x_wconf 89' lang='lat' dir='ltr'><strong>ab</strong></span> <span class='ocrx_word' id='word_1_297' title='bbox 3113 5033 3615 5146; x_wconf 88' lang='lat' dir='ltr'><strong>Apostolica·</strong></span> <span class='ocrx_word' id='word_1_298' title='bbox 3664 5028 3880 5120; x_wconf 88' lang='lat' dir='ltr'><strong>Sede</strong></span> 
     </span>
    </p>
   </div>
   <div class='ocr_carea' id='block_1_10' title="bbox 505 5140 3883 5628">
    <p class='ocr_par' dir='ltr' id='par_1_11' title="bbox 505 5140 3883 5628">
     <span class='ocr_line' id='line_1_34' title="bbox 505 5140 3883 5266; baseline 0.004 -43"><span class='ocrx_word' id='word_1_299' title='bbox 505 5140 865 5253; x_wconf 84' lang='lat' dir='ltr'><strong>praefata</strong></span> <span class='ocrx_word' id='word_1_300' title='bbox 921 5146 1491 5258; x_wconf 87' lang='lat' dir='ltr'><strong>approbandas</strong></span> <span class='ocrx_word' id='word_1_301' title='bbox 1523 5214 1547 5257; x_wconf 87' lang='lat'>,</span> <span class='ocrx_word' id='word_1_302' title='bbox 1586 5173 1674 5235; x_wconf 86' lang='lat' dir='ltr'><strong>et</strong></span> <span class='ocrx_word' id='word_1_303' title='bbox 1720 5148 2324 5235; x_wconf 81' lang='lat' dir='ltr'><strong>confirmandas</strong></span> <span class='ocrx_word' id='word_1_304' title='bbox 2387 5148 2833 5258; x_wconf 68' lang='lat' dir='ltr'><strong>curarent,</strong></span> <span class='ocrx_word' id='word_1_305' title='bbox 2875 5184 3160 5266; x_wconf 87' lang='lat' dir='ltr'><strong>parere</strong></span> <span class='ocrx_word' id='word_1_306' title='bbox 3208 5175 3601 5262; x_wconf 79' lang='lat' dir='ltr'><strong>satagam,</strong></span> <span class='ocrx_word' id='word_1_307' title='bbox 3655 5151 3883 5237; x_wconf 87' lang='lat' dir='ltr'><strong>Con-</strong></span> 
     </span>
     <span class='ocr_line' id='line_1_35' title="bbox 508 5264 3882 5386; baseline 0.005 -42"><span class='ocrx_word' id='word_1_308' title='bbox 508 5264 1028 5350; x_wconf 88' lang='lat' dir='ltr'><strong>stitutionum</strong></span> <span class='ocrx_word' id='word_1_309' title='bbox 1080 5264 1618 5381; x_wconf 82' lang='lat' dir='ltr'><strong>hujusmodi,</strong></span> <span class='ocrx_word' id='word_1_310' title='bbox 1674 5292 1765 5353; x_wconf 90' lang='lat' dir='ltr'><strong>ut</strong></span> <span class='ocrx_word' id='word_1_311' title='bbox 1818 5271 2425 5382; x_wconf 83' lang='lat' dir='ltr'><strong>praemittitur,</strong></span> <span class='ocrx_word' id='word_1_312' title='bbox 2476 5277 2644 5383; x_wconf 85' lang='lat' dir='ltr'><strong>jam</strong></span> <span class='ocrx_word' id='word_1_313' title='bbox 2698 5271 3329 5386; x_wconf 86' lang='lat' dir='ltr'><strong>approbatarum</strong></span> <span class='ocrx_word' id='word_1_314' title='bbox 3361 5336 3390 5376; x_wconf 94' lang='lat'><em>,</em></span> <span class='ocrx_word' id='word_1_315' title='bbox 3445 5271 3882 5361; x_wconf 84' lang='lat' dir='ltr'><strong>confirma·</strong></span> 
     </span>
     <span class='ocr_line' id='line_1_36' title="bbox 516 5385 3878 5507; baseline 0.005 -43"><span class='ocrx_word' id='word_1_316' title='bbox 516 5404 952 5502; x_wconf 86' lang='lat' dir='ltr'><strong>tarumque</strong></span> <span class='ocrx_word' id='word_1_317' title='bbox 1028 5416 1177 5500; x_wconf 89' lang='lat' dir='ltr'><strong>pro</strong></span> <span class='ocrx_word' id='word_1_318' title='bbox 1253 5385 1542 5477; x_wconf 89' lang='lat' dir='ltr'><strong>eadem</strong></span> <span class='ocrx_word' id='word_1_319' title='bbox 1619 5390 2284 5501; x_wconf 84' lang='lat' dir='ltr'><strong>Congregatione</strong></span> <span class='ocrx_word' id='word_1_320' title='bbox 2359 5390 2676 5477; x_wconf 88' lang='lat' dir='ltr'><strong>Montis</strong></span> <span class='ocrx_word' id='word_1_321' title='bbox 2752 5391 3059 5477; x_wconf 87' lang='lat' dir='ltr'><strong>Libani</strong></span> <span class='ocrx_word' id='word_1_322' title='bbox 3145 5392 3878 5507; x_wconf 82' lang='lat' dir='ltr'><strong>approbationem,</strong></span> 
     </span>
     <span class='ocr_line' id='line_1_37' title="bbox 515 5500 3882 5628; baseline 0.004 -41"><span class='ocrx_word' id='word_1_323' title='bbox 515 5500 1395 5627; x_wconf 82' lang='lat' dir='ltr'><strong>confirmationemque</strong></span> <span class='ocrx_word' id='word_1_324' title='bbox 1444 5543 1595 5628; x_wconf 88' lang='lat' dir='ltr'><strong>pro</strong></span> <span class='ocrx_word' id='word_1_325' title='bbox 1658 5507 2735 5628; x_wconf 78' lang='lat' dir='ltr'><strong>ipsorum-Congregatione</strong></span> <span class='ocrx_word' id='word_1_326' title='bbox 2787 5514 2866 5598; x_wconf 89' lang='lat' dir='ltr'><strong>S.</strong></span> <span class='ocrx_word' id='word_1_327' title='bbox 2936 5512 3191 5600; x_wconf 84' lang='lat' dir='ltr'><strong>Isaiae</strong></span> <span class='ocrx_word' id='word_1_328' title='bbox 3259 5509 3817 5619; x_wconf 83' lang='lat' dir='ltr'><strong>desiderantes</strong></span> <span class='ocrx_word' id='word_1_329' title='bbox 3854 5582 3882 5627; x_wconf 85' lang='lat'>,</span> 
     </span>
    </p>
   </div>
  </div>
 </body>
</html>
