4834 6409
394 538 844 642 ministris,
895 535 979 622 in
1028 561 1131 621 eo
1180 559 1333 646 pro
1385 549 1757 646 tempore
1814 527 2354 620 existentibus
2417 522 2856 648 praefatis,
2920 555 3328 648 perpetuo
3387 453 3787 652 suffragaz

394 663 528 773 ri3
591 661 881 780 sicque
908 721 939 763 ‚
975 679 1058 742 et
1107 683 1275 740 non
1325 651 1561 737 aliter
1606 683 1758 765 per
1808 681 2378 775 quoscumque
2414 653 2466 739 J
2474 650 2754 766 udices
2804 651 3263 741 ordinarios
3313 681 3398 750 et
3447 656 3783 777 delega-

404 803 533 867 tos
569 844 596 888 ,
660 784 916 867 etiam
966 804 1402 888 causarum
1470 773 1763 858 Palatii
1825 775 2281 889 Apostolici
2331 772 2836 881 Auditores,
2902 807 2996 862 ac
3062 775 3145 861 S.
3187 774 3283 862 R.
3319 779 3423 863 E.
3493 778 3790 868 Cardi-

376 901 637 988 ‘nales
671 962 698 1007 ,
764 900 1012 987 etiam
1047 893 1166 998 ‚de
1214 889 1537 996 Latere,
1569 893 1978 1005 Legatos,
2040 897 2694 1013 Vim-Legatos,
2770 891 3212 1016 dictaeque
3265 897 3499 985 Sedis
3545 901 3788 990 Nun·

416 1019 663 1129 cios,
727 1017 1077 1136 judicari
1128 1037 1214 1103 et
1271 1009 1584 1099 difiniri
1635 1012 1942 1102 debere
1992 1079 2018 1122 ‚
2084 1020 2581 1139 irritumque
2629 1037 2715 1103 et
2764 1019 3012 1105 inane
3060 1014 3602 1107 decernimus
3638 1086 3661 1129 ,
3714 1027 3784 1110 si

409 1172 648 1229 secus
697 1170 942 1252 super
990 1134 1116 1222 his
1166 1169 1209 1222 a
1264 1165 1688 1254 quoquam
1776 1139 2067 1257 quavis
2131 1145 2642 1240 auctoritate
2688 1138 3040 1225 scienter
3114 1138 3251 1228 vel
3313 1144 3788 1254 ignoranter

410 1264 843 1372 contigerit
890 1259 1294 1344 attentari.
3429 1367 3444 1372 ἱ

526 1395 600 1490 §-
664 1386 745 1471 6.
813 1375 1005 1465 Non
1058 1379 1580 1484 obstantibus
1631 1378 2399 1468 Constitutionibus
2468 1403 2554 1466 et
2620 1376 3313 1467 Ordinationibus
3374 1381 3788 1496 Apostoli-

406 1504 521 1589 cis
556 1564 580 1607 ,
646 1531 975 1590 necnon
1012 1503 1284 1614 primo
1321 1497 1523 1587 dicti
1571 1500 2050 1588 Monasterii
2102 1526 2186 1589 et
2237 1498 2618 1608 Ordinis,
2657 1507 2897 1613 cujus
2948 1499 3160 1587 illud
3189 1503 3483 1610 existit,
3538 1505 3787 1591 etiam

400 1627 927 1739 juramento,
1004 1618 1635 1708 confirmatione
1687 1623 2160 1737 Apostolica
2201 1687 2227 1729 ,
2277 1623 2414 1714 vel
2466 1626 2758 1741 quavis
2810 1620 3198 1710 firmitate
3249 1623 3405 1709 alia
3456 1623 3790 1712 robora-

402 1746 511 1832 tis
556 1748 884 1832 statutis
921 1806 946 1852 ,
988 1765 1083 1828 et
1132 1740 1882 1830 consuetudinibus
1918 1806 1941 1849 ,
1994 1746 2443 1860 privilegiis
2493 1751 2882 1863 quoque,
2937 1742 3325 1851 indultis,
3394 1766 3478 1831 et
3521 1744 3784 1833 literis

401 1866 911 1983 Apostolicis
944 1928 975 1971 ,
1037 1864 1470 1984 quibusvis
1523 1862 2104 1978 Superioribus
2155 1890 2238 1954 et
2274 1869 2643 1981 personis
2674 1930 2697 1973 ,
2752 1897 2847 1952 ac
2912 1866 3342 1984 quibusvis
3394 1863 3785 1979 Collegiis

404 2020 551 2077 seu
606 1986 1085 2078 Seminariis
1120 2049 1150 2089 ,
1212 1984 1713 2103 illorumque
1765 1984 2307 2094 RectoribuS,
2376 1986 2719 2106 aliisque
2803 1989 3172 2102 personis
3223 1981 3380 2072 sub
3494 1987 3784 2078 uibuss

405 2139 775 2226 cumque
828 2105 1254 2194 tenoribus
1305 2126 1390 2191 et
1435 2102 1719 2190 formis
1754 2167 1779 2212 ,
1818 2138 1913 2194 ac
1963 2139 2155 2194 cum
2209 2109 2643 2226 quibusvis
2694 2105 3400 2216 derogatoriarum
3511 2138 3793 2219 eroga·

403 2231 636 2316 toriis
672 2291 697 2336 ,
739 2228 1085 2346 aliisque
1137 2222 1736 2311 efficacioribus
1782 2224 2364 2316 efficacissimis
2399 2252 2486 2317 et
2532 2229 2880 2316 insolitis
2911 2227 3302 2314 clausulis
3328 2229 3386 2334 ,‘
3412 2260 3507 2316 ac
3542 2232 3790 2317 etiam

405 2350 926 2439 irritantibus
964 2411 987 2454 ,
1054 2367 1137 2434 et
1186 2347 1361 2431 aliis
1407 2345 1787 2434 Decretis
1836 2352 1921 2434 in
1975 2380 2275 2461 genere
2323 2350 2461 2439 vel
2513 2351 2602 2436 in
2675 2352 3000 2467 specie,
3067 2352 3314 2436 etiam
3379 2373 3618 2436 motu
3680 2352 3787 2435 si-

406 2471 654 2578 mili,
716 2502 816 2556 ac
879 2469 1073 2555 alias
1122 2469 1209 2551 in
1265 2469 1768 2553 contrarium
1832 2476 2467 2584 praemissorum
2551 2468 3186 2591 quomodolibet
3236 2474 3642 2558 concessis
3694 2493 3779 2557 et

405 2592 842 2678 innovatis.
911 2587 1248 2697 Quibus
1299 2588 1688 2674 omnibus
1735 2595 1822 2673 'et
1862 2591 2214 2701 singulis
2260 2595 2580 2678 etiamsi
2651 2591 2757 2678 de
2807 2593 2969 2679 illis
3003 2656 3034 2696 ,
3087 2622 3546 2709 eorumque
3593 2592 3787 2678 totis

406 2713 835 2799 tenoribus
883 2710 1255 2825 specialis
1314 2704 1695 2823 specifica
1729 2771 1760 2812 ,
1824 2740 2190 2823 expressa
2258 2734 2342 2797 et
2414 2708 2849 2797 individua
2885 2776 2915 2815 ,
2980 2741 3076 2795 ac
3156 2707 3266 2797 de
3344 2711 3609 2801 verbo
3672 2707 3782 2796 ad

405 2834 761 2919 verbum
800 2893 825 2938 ,
890 2860 1061 2917 non
1112 2852 1387 2914 autem
1440 2858 1588 2942 per
1639 2827 2043 2915 clausulas
2094 2830 2513 2940 generales
2562 2826 2787 2916 idem
2838 2832 3374 2944 importantes
3422 2827 3784 2934 mentio,

409 2975 557 3040 aut
602 2953 876 3069 aliqua
926 2951 1081 3036 alia
1133 2942 1530 3065 exquisita
1579 2945 1840 3033 forma
1894 2947 1998 3035 ad
2048 2948 2210 3037 hoc
2258 2946 2660 3038 servanda
2723 2947 2939 3036 soret
2965 3015 2996 3055 ,
3066 2950 3402 3038 illorum
3454 2975 3783 3038 tenores

407 3071 983 3187 praesentibus
1032 3097 1183 3183 pro
1233 3066 1474 3180 plene
1524 3090 1607 3155 et
1656 3066 2170 3158 sufficienter
2220 3072 2613 3186 expressis
2696 3068 3093 3158 habentes
3124 3133 3149 3177 ,
3218 3070 3380 3160 illis
3442 3072 3643 3159 alias
3688 3072 3782 3155 in

412 3222 566 3277 suo
615 3191 912 3278 robore
986 3189 1540 3314 permansuris
1576 3249 1599 3292 ,
1688 3188 2079 3276 latissime
2129 3214 2214 3278 et
2260 3193 2735 3306 plenissime
2787 3213 2872 3277 et'
2932 3221 3312 3307 expresse
3395 3179 3555 3281 hac
3602 3192 3790 3282 vice

414 3308 846 3398 dumtaxat
892 3307 1382 3418 derogamus
1414 3371 1445 3411 ,
1497 3310 1958 3426 ceterisque
2006 3315 2431 3398 contrariis
2481 3311 3179 3430 quibuscumque.

530 3429 599 3532 S.
667 3466 745 3549 7.
808 3428 1045 3515 Nulli
1098 3458 1294 3540 ergo
1345 3429 1692 3512 omnino
1741 3426 2175 3516 hominum
2244 3433 2489 3519 liceat
2538 3428 2754 3518 hanc
2814 3437 3200 3547 paginam
3261 3455 3590 3521 nostrae
3619 3430 3787 3517 di's·

412 3552 1041 3640 membrationis
1087 3611 1112 3656 ,
1195 3550 1727 3662 separationis
1775 3613 1806 3653 ,
1896 3555 2479 3662 segregationis
2526 3617 2550 3660 ,
2641 3555 3126 3661 erectionis,
3179 3553 3800 3661 institutionis,

414 3677 805 3780 unionis,
869 3670 1404 3775 annexionis,
1473 3691 1573 3755 et·
1634 3671 2320 3783 incorporationis
2369 3736 2395 3779 ,
2458 3673 3019 3761 translationis
3062 3737 3087 3784 ,
3159 3672 3791 3787 applicationis,
3874 3667 3877 3671 i

417 3817 501 3887 et
548 3793 1017 3881 donationis
1054 3854 1080 3897 ‚
1147 3791 1742 3877 commissionis
1774 3853 1799 3899 ‚
1851 3789 2275 3900 mandati,
2327 3794 2823 3900 voluntatis,
2889 3792 3257 3900 decreti,
3323 3816 3409 3880 et
3456 3791 3797 3906 deroga-

418 3919 670 4005 tionis
718 3911 1227 4023 infringere,
1286 3910 1423 3997 vel
1474 3912 1548 3995 ei
1601 3941 1805 3996 ausu
1856 3915 2292 3998 temerario
2370 3917 2848 4026 contraire-3
2906 3915 2995 4000 Si
3057 3916 3243 4034 quis
3280 3938 3580 4010 ‚autem
3626 3912 3802 4008 hoc,

417 4059 823 4127 attentare·
850 4031 1488 4147 praesumpserit
1523 4092 1547 4137 ,
1579 4028 2239 4145 indignationem
2288 4033 2907 4149 omnipotentis
2953 4027 3116 4122 Dei
3154 4098 3178 4142 ‚
3210 4064 3306 4121 ac
3343 4036 3807 4128 Beatorum

417 4160 645 4247 Petri
696 4178 781 4243 et
828 4154 1068 4240 Pauli
1119 4150 1713 4265 Apostolorum
1766 4156 1946 4267 ejus
1992 4183 2083 4238 se
2130 4158 2459 4242 noverit
2506 4158 3068 4242 incursurum.

534 4277 853 4362 Datum
904 4272 1216 4358 Romae
1266 4266 1490 4385 apud
1542 4270 1926 4358 Sanctam
2006 4271 2357 4361 Mariam
2406 4275 2813 4391 Majorem
2900 4307 3122 4363 anno
3190 4275 3798 4365 Incarnationis.

417 4394 915 4485 Dominicae
995 4389 1440 4478 millesimo
1514 4392 2238 4508 septingentesimo
2296 4397 2712 4511 trigesimo
2759 4394 3128 4485 secundo
3164 4462 3190 4507 ,
3257 4388 3553 4519 quinto
3600 4392 3790 4485 idus

423 4515 815 4610 Octobris
869 4508 1410 4599 Pontificatus
1456 4509 1740 4599 Nostri
1789 4543 2008 4600 anno
2055 4518 2318 4602 tertio.

784 4633 985 4722 Visa
1033 4629 1472 4723 de-Curia.

728 4762 741 4771 ’
1513 4753 1576 4844 I·
1630 4752 2023 4874 Archiep.
2079 4755 2595 4874 Ancyranus.

2361 5000 2464 5087 A.
2517 4933 2988 5121 Cardinalis
3053 4967 3664 5092 Pro-Datarius.
