4834 6409
403 586 738 678 Abb'ate
772 584 1211 703 'perpetuo
1258 571 2018 669 'commendatario
2103 558 2692 690 abdicatione,
2759 562 3052 670 eadem
3099 579 3576 700 Apostolica
3639 595 3786 672 a‘u·

407 710 787 816 ctoritate
846 703 956 791 de
1004 700 1230 790 dicto
1281 731 1687 790 consensu
1734 703 2108 790 similiter
2156 725 2559 819 perpetuo
2608 705 2943 789 'unimus
2974 767 2997 810 ,
3066 707 3583 793 annectimus
3620 705 3654 811 ,'
3700 707 3800 795 ct'

405 833 1084 946 incorporamus3
1136 820 1622 942 dictamque
1674 851 1955 910 curam
2009 855 2156 942 per
2205 822 2406 911 dicti
2461 824 2816 938 Collegii
2868 824 3306 913 Rectorem
3336 890 3363 934 ,
3395 829 3533 914 cui
3584 824 3783 912 Col-

408 951 749 1064 legium·
776 976 1225 1059 congruam
1271 944 2011 1033 substentationem
2062 947 2471 1057 assignare
2537 944 2839 1036 debeat
2901 969 2986 1032 et
3051 969 3434 1037 teneatur
3465 1012 3492 1056 ,
3558 957 3789 1035 exer*

412 1066 825 1159 cendam:
896 1094 1219 1154 necnon
1269 1069 1403 1180 jus
1484 1064 1974 1154 nominandi
2051 1092 2134 1152 et
2203 1059 2666 1183 deputandi
2735 1065 3222 1182 hujusmodi
3285 1066 3391 1155 ad
3459 1066 3786 1155 dictum

413 1188 881 1303 Collegium
931 1219 979 1276 a
1028 1183 1347 1291 Nobis,
1414 1210 1515 1273 ut
1558 1184 2068 1301 praefertur,
2158 1218 2306 1302 per
2355 1212 2824 1301 praesentes
2871 1211 3241 1275 erectum
3304 1213 3390 1276 et
3453 1192 3791 1294 instita*

415 1333 598 1399 tum
634 1371 660 1417 ,
721 1305 828 1395 ad
877 1303 1106 1425 quod
1138 1367 1163 1414 ,
1228 1330 1317 1394 et
1373 1338 1528 1424 pro
1588 1338 1693 1394 eo
1726 1305 1832 1392 ad
1893 1306 2119 1391 illius
2176 1308 2615 1395 Rectorem
2664 1314 2799 1424 jus
2848 1305 3310 1423 deputandi
3358 1310 3786 1424 presbyte-

412 1459 601 1518 rum
633 1491 659 1537 ,
709 1427 859 1548 qui
891 1457 1113 1514 unus
1161 1458 1261 1514 ex
1309 1425 1684 1541 ejusdem
1739 1425 2091 1537 Collegii
2143 1431 2554 1536 minister,
2623 1461 2792 1514 non
2847 1451 3126 1539 tamen
3183 1429 3401 1515 illius
3450 1429 3783 1537 Rector,

418 1545 708 1660 existat
752 1578 903 1665 pro
952 1543 1223 1640 dictae
1297 1548 1606 1634 Missae
1689 1548 2245 1635 celebratione
2311 1546 2714 1663 deputare
2777 1573 3091 1666 spectet
3156 1571 3242 1636 et
3320 1552 3786 1665 pertineat;
3849 1615 3853 1620 -

413 1700 610 1758 cum
657 1667 818 1756 hoc
866 1690 1145 1754 tamen
1176 1730 1201 1775 ,
1268 1666 1498 1788 quod
1548 1700 1785 1754 nunc
1826 1691 1909 1753 et
1982 1699 2133 1782 pro
2184 1692 2556 1785 tempore
2604 1673 2956 1757 existens
3022 1667 3226 1757 dicti
3303 1669 3790 1758 Monasterii
3898 1749 3905 1760 .

416 1790 706 1879 Abbas
753 1810 839 1878 et
882 1814 1335 1905 perpetuus
1385 1786 2160 1876 commendatarius
2223 1787 2497 1876 eidem
2575 1789 2952 1903 Collegio
3012 1822 3165 1907 pro
3231 1791 4002 1881 celebrationeDotis
4025 1812 4175 1882 pars

416 1911 719 1999 Missae
767 1934 1249 1998 consuetam
1299 1907 1661 1995 duorum
1713 1909 2280 1995 carolenorum
2329 1909 2943 2026 praedictorum
2993 1944 3147 2027 pro
3184 1912 3556 2031 qualibet
3592 1912 3793 2000 Mis·

418 2058 555 2120 sae
605 2031 1166 2121 celebratione
1235 2030 1841 2144 eleemosynam
1921 2030 2391 2142 persolvere
2464 2030 2766 2120 debeat
2833 2056 2918 2119 et
2993 2054 3433 2144 teneatur,
3500 2032 3794 2122 eadem

419 2150 898 2269 Apostolica
954 2155 1440 2239 auctoritate
1492 2148 1598 2240 de
1649 2152 1823 2264 pari
1894 2148 2096 2239 dicti
2175 2151 2402 2239 Petri
2452 2152 2770 2267 Aloysii
2835 2151 3302 2240 Cardinalis
3381 2185 3792 2243 consensu

420 2272 1041 2379 transferimus,
1107 2305 1201 2360 ac
1251 2270 1520 2372 eidem
1558 2270 1934 2383 Collegio
1995 2302 2146 2385 pro
2194 2272 2416 2358 illius
2466 2271 2715 2382 dote,
2770 2273 3159 2393 illiusque
3194 2275 3789 2385 Alumnorum,

417 2392 1004 2507 Magistrorum
1040 2455 1065 2502 ,
1116 2390 1781 2498 praefectorum,
1819 2391 2341 2512 aliorumque
2388 2396 2467 2480 ei
2518 2396 3152 2483 inservientium
3202 2395 3799 2483 substentatio·

421 2545 589 2620 ne,
648 2544 933 2602 omnes
1015 2536 1102 2601 et
1168 2513 1535 2625 singulos
1609 2510 1985 2620 fructus,
2048 2517 2302 2627 jura,
2379 2514 2991 2623 obventiones,
3055 2541 3139 2605 et
3215 2518 3783 2605 emolumenta

423 2629 803 2724 universa
854 2657 1435 2752 quaecumque
1469 2697 1494 2740 ,
1561 2656 1731 2719 tam
1793 2656 2012 2719 certa
2063 2663 2314 2749 quam
2367 2636 2677 2723 incerta
2707 2698 2732 2742 ,
2797 2659 2882 2722 et
2930 2667 3028 2721 ex
3078 2669 3275 2723 cura
3328 2640 3792 2724 animarum

421 2756 1106 2872 parochianorum
1143 2819 1168 2865 ,
1236 2786 1332 2842 ac
1381 2754 1576 2840 alias
1626 2749 2415 2872 quomodocumque
2478 2777 2563 2842 et
2629 2753 3223 2875 undecumque
3277 2761 3374 2843 ex
3432 2746 3792 2844 domun-

424 2876 635 2964 culis
683 2878 1249 2993 provenientia
1281 2940 1306 2983 ,
1359 2899 1443 2962 et
1507 2877 1592 2960 in
1658 2905 2188 2993 quacumque
2226 2906 2313 2961 re
2364 2877 2947 2987 consistentia3
3000 2908 3330 2963 necnon
3384 2909 3675 2965 omn-es
3708 2900 3795 2965 et

423 2998 786 3108 singulas
835 3020 1104 3103 taxas,
1170 3027 1384 3115 quae
1437 2995 1910 3082 Seminariis
1954 3026 2404 3112 puerorum
2454 2995 3227 3083 Ecclesiasticorum
3269 2997 3506 3084 Ritus
3555 2999 3795 3085 latini

425 3119 515 3202 in
567 3114 793 3202 dicto
843 3114 1131 3227 Regno
1186 3115 1718 3203 existentibus
1768 3148 1811 3202 a
1863 3115 2286 3231 praedicto
2337 3117 2683 3236 aliisque
2731 3115 3292 3227 Monasteriis,
3346 3122 3435 3204 in
3486 3120 3795 3237 quibus

434 3236 629 3323 Itali
681 3235 993 3326 Albani
1045 3237 1284 3322 Ritus
1334 3235 1629 3322 Graeci
1682 3238 1997 3348 degunt
2059 3260 2146 3323 et
2193 3239 2610 3344 existunt,
2678 3238 3245 3325 commendari
3306 3239 3564 3326 solitis
3599 3302 3624 3346 ,
3691 3235 3801 3325 ad

429 3359 1030 3474 praescriptum
1083 3356 1441 3443 Concilii
1494 3354 1964 3442 Tridentini
2014 3361 2442 3444 annuatim
2492 3360 3133 3473 persolvuntur,
3195 3361 3528 3473 praevia
3578 3382 3798 3446 taxa·

429 3510 619 3564 rum
681 3475 1165 3594 hujusmodi
1202 3511 1246 3564 a
1299 3479 1774 3564 Seminariis
1824 3479 2027 3564 ritus
2073 3478 2310 3563 latini
2358 3476 2838 3595 hujusmodi
2858 3512 2892 3586 ,·
2935 3511 3149 3599 quae
3199 3480 3543 3566 ulterius
3591 3510 3795 3595 puc-

431 3629 566 3685 ros
614 3597 862 3684 Italos
914 3598 1285 3686 Albanos
1336 3601 1537 3685 ritus
1588 3597 1887 3685 Graeci
1937 3596 2372 3686 admittere
2433 3629 2605 3684 non
2658 3623 3155 3707 teneantur,
3220 3605 3792 3716 separatione,
3889 3605 3894 3609 ’

434 3718 809 3831 Collegio
858 3752 904 3806 a
952 3718 1213 3805 Nobis
1268 3750 1413 3834 per
1462 3741 1984 3835 praesentes,
2058 3742 2155 3804 ut
2225 3716 2685 3835 praefertur
2718 3784 2749 3823 ,
2813 3744 3146 3832 erecto;
3209 3723 3421 3807 itaut
3470 3718 3800 3838 praedi-

435 3863 667 3929 ctum
717 3841 1046 3960 aliaque
1089 3841 1585 3926 Monasteria
1641 3861 1724 3927 et
1771 3836 2173 3926 beneficia
2204 3901 2229 3946 ,
2296 3842 2722 3926 existentia
2783 3844 2873 3926 in
2925 3839 3168 3926 dictis
3244 3841 3448 3928 locis
3507 3866 3593 3930 et
3642 3863 3818 3928 ter··

434 3965 547 4051 ris
595 4024 623 4068 ,
689 3958 1456 4050 Italo-Albanorum
1509 3956 1911 4075 praedicti
1961 3959 2197 4046 Ritus
2258 3958 2554 4048 Graeci
2617 3991 2769 4077 pro
2837 3983 3207 4077 tempore
3271 3961 3806 4065 obtinentes,

438 4105 664 4169 taxas
738 4083 846 4170 ab
905 4084 1021 4169 eis
1058 4145 1084 4187 ,
1150 4103 1245 4167 ut
1325 4077 1783 4196 praefertur
1832 4142 1856 4185 ,
1947 4080 2304 4196 persolvi
2351 4080 2627 4166 solitas
2689 4083 2777 4166 in
2827 4106 3251 4196 posterum
3326 4081 3703 4193 Collegio
3754 4113 3802 4165 a

433 4201 702 4288 Nobis
749 4234 897 4319 per
942 4223 1410 4320 praesentes
1461 4222 1735 4288 erecto
1783 4196 2263 4314 hujusmodi
2325 4201 2798 4316 persolvere
2866 4200 3228 4290 debeant
3309 4225 3394 4289 et
3473 4225 3814 4289 tenean-

439 4345 634 4431 tur,
698 4320 988 4414 eadem
1038 4321 1511 4439 Apostolica
1573 4322 2056 4410 auctoritate
2117 4323 2420 4438 pariter
2484 4344 2889 4440 perpetuo
2968 4324 3476 4440 applicamus
3540 4346 3638 4410 et·
3672 4352 3814 4438 ap·
3889 4393 3896 4398 .

439 4446 989 4562 propriamus.
3976 4541 3991 4557 ⁶

556 4564 627 4667 S.
695 4599 772 4652 2.
835 4566 957 4653 Et
1001 4564 1180 4653 Nos
1222 4597 1634 4653 summam
1683 4596 1819 4654 sex
1888 4564 2246 4654 millium
2296 4586 2726 4652 scutorum
2789 4589 3170 4653 monetae
3233 4565 3654 4654 Romanae
3707 4562 3812 4652 ad
3839 4537 4031 4697 ''affl‘'
4093 4565 4201 4610 ⁸²¹

438 4681 837 4780 effectum
886 4687 1026 4774 illa
1073 4686 1573 4777 investiendi
1618 4691 1706 4774 in
1757 4710 1879 4775 tot
1925 4687 2145 4774 bona
2195 4686 2516 4773 stabilia
2582 4690 2671 4772 in
2722 4686 3166 4773 utilitatem
3243 4711 3327 4775 et
3375 4709 3812 4774 manuten·
3840 4656 4151 4791 mutua..

439 4809 754 4897 tionem
792 4804 1006 4898 'dicti
1034 4806 1386 4922 Collegii
1435 4832 1520 4897 et
1564 4810 2121 4895 Alumnorum
2160 4825 2275 4895 ex‘
2309 4806 2782 4922 Apostolioa
2831 4829 3107 4899 nostra
3169 4809 3679 4919 benignitate
3728 4811 3816 4894 in
3842 4815 3986 4881 dem
4040 4819 4205 4885 aoei-

446 4926 823 5044 ejusdem
872 4926 1229 5042 Collegii
1274 4962 1320 5016 a
1377 4929 1643 5017 Nobis
1703 4962 1852 5047 per
1923 4950 2443 5045 praesentes,
2510 4950 2605 5015 ut
2667 4925 3186 5042 praefertur,
3246 4933 3495 5019 erecti
3555 4928 3819 5015 subsi-
3840 4923 4130 4996 guantur.

447 5043 687 5134 dium
737 5050 1296 5161 assignamus,
1358 5051 1858 5162 elargimur,
1926 5072 2011 5137 et
2057 5046 2488 5135 donamus.

557 5169 631 5270 S.
698 5171 780 5258 3.
844 5171 1157 5259 Curam
1202 5200 1463 5277 vero,
1528 5174 1949 5284 regimen,
2029 5191 2115 5257 et
2163 5166 2960 5280 administrationem
3036 5168 3386 5282 Collegii
3449 5202 3494 5254 a
3556 5167 3821 5253 Nobis
3846 5178 4013 5246 Cura
4046 5186 4208 5293 ejas·

443 5294 698 5380 erecti
748 5290 959 5381 Ven.
1011 5295 1276 5381 Fratri
1325 5290 1636 5379 Nostro
1704 5289 2109 5380 moderno
2192 5312 2276 5377 et
2321 5319 2473 5404 pro
2525 5311 2895 5406 tempore
2944 5294 3318 5379 existenti
3398 5289 3826 5405 Episcopo
3845 5271 3989 5339 ‘¹⁸²¹
4046 5274 4208 5345 ΒΜ·

444 5408 971 5528 Bisignanen.
1038 5446 1133 5505 ac
1176 5445 1327 5529 per
1374 5443 1571 5502 eum
1618 5412 1776 5498 sub
1850 5410 2171 5525 legibus
2218 5409 2875 5526 praescribendis
2922 5423 2952 5520 ,
3014 5433 3498 5529 servataque
3557 5407 3821 5498 forma
3846 5386 4123 5548 {23:¹5⁰

452 5530 807 5625 Concilii
843 5601 868 5645 ,
937 5533 1329 5649 regendi,
1395 5529 1981 5649 gubernandi,
2044 5550 2131 5619 et
2165 5529 2794 5618 administrandi
2830 5533 3423 5630 committimus
3472 5554 3558 5620 et
3589 5564 3824 5620 man·
3851 5550 4182 5622 committi-

450 5649 792 5769 damus,
828 5655 1210 5781 illudque
1256 5661 1443 5778 ejus
1490 5652 1985 5748 Ordinariae
2031 5648 2585 5771 jurisdictioni
2634 5652 3125 5767 subjicimus
3154 5717 3179 5764 ,
3217 5674 3302 5744 et
3349 5653 3971 5772 subjectumtur·
