4834 6409
552 4288 558 4294 .
690 4233 767 4304 D.
805 4249 1020 4301 custo-

1074 396 1190 618 8?
1204 493 1621 610 Custodia}
1661 512 2134 622 Hiberniae
2164 506 2570 599 *Ordinis
2643 510 3059 600 Fratrum
3123 512 3581 601 M‘norum
3654 511 3956 620 Sancti
4009 515 4107 608 F
4091 524 4467 613 mearez·

1327 640 2069 757 Cappuccinorum
2127 648 2586 750 nuncupat.
2645 636 2738 717 in
2797 665 3101 724 novam
3153 637 3703 725 Provinciam
3760 644 4146 763 erigitur.

1654 871 2670 994 CLEMENS
2763 874 3330 996 ‚PAPA
3464 867 3817 995 XII.

2023 1120 2177 1213 Ad
2207 1139 2711 1240 perpetuam
2784 1128 2918 1209 rei
2973 1128 3499 1212 memoriam.

677 1369 1040 1439 Praemium
1191 1268 1826 1486 Apostolicae
1877 1366 2296 1456 servitutis
2344 1397 2658 1454 munus
2687 1429 2714 1475 ,
2802 1396 2972 1485 quo
3023 1364 3502 1455 Catholicae
3551 1365 3980 1457 Ecclesiae
4038 1399 4186 1486 per
4265 1377 4455 1463 uni·

1002 1487 1008 1494 ’
1066 1521 1406 1602 versum
1456 1489 1779 1576 Orbem
1828 1483 2181 1573 diffusae
2240 1490 2626 1599 regimini
2680 1486 2962 1577 divina
3046 1485 3580 1605 dispositione
3661 1487 4274 1605 praesidemus,
4358 1495 4452 1584 id

1066 1614 1514 1732 praecipue
1574 1606 2197 1697 solicitudinem
2271 1631 2635 1696 nostram
2695 1606 3057 1696 intendit
3103 1671 3129 1716 ,
3196 1632 3295 1694 ut
3372 1609 3974 1722 Religiosorum
4047 1611 4448 1705 Virorum

1065 1732 1474 1820 Altissimi
1521 1730 1937 1847 obsequiis
1987 1729 2146 1817 sub
2197 1730 2565 1816 arctioris
2615 1725 3098 1846 disciplinae
3151 1729 3542 1816 Instituto
3588 1734 4253 1849 mancipatorum
4287 1800 4313 1846 ,
4363 1761 4454 1826 et

1068 1856 1159 1939 in
1205 1853 1474 1939 Vinea
1521 1851 1924 1960 Domini,
1993 1883 2089 1938 ac
2155 1852 2637 1965 praesertim
2686 1854 2776 1938 in
2840 1849 3268 1937 nonnullis
3318 1851 3521 1937 olim
3581 1855 3961 1967 pietatis,
4028 1875 4116 1942 et
4163 1856 4443 1945 ortho-

1073 1970 1331 2060 doxae
1384 1968 1627 2059 Fidei
1675 1970 1925 2059 laude
1986 1972 2584 2058 florentissimis
2667 1970 3179 2086 Regionibus
3238 1977 3458 2059 inter
3504 1974 4180 2088 persecutionum
4253 2010 4441 2094 pro·

1069 2094 1369 2201 cellas,
1423 2114 1674 2211 atque
1721 2093 2287 2181 calamitatum
2338 2091 2690 2178 tribulos
2740 2116 3074 2180 strenue
3123 2091 3681 2179 laborantium
3711 2156 3736 2201 ,
3789 2096 4094 2205 statui,
4144 2121 4230 2185 et
4262 2096 4446 2188 feli-

1072 2218 1146 2303 ci
1199 2212 1639 2302 directioni
1701 2215 2134 2304 consulere
2180 2212 2583 2329 peculiari
2634 2244 2832 2302 cura
2892 2209 3377 2299 studeamus
3410 2278 3441 2318 ,
3505 2217 3720 2300 sicut
3767 2218 3901 2330 pia
3951 2215 4445 2307 orthodoxo-

1067 2367 1255 2422 rum
1309 2333 1630 2447 Regum
1658 2396 1684 2442 ,
1735 2335 2341 2449 multiplicibus
2375 2337 2465 2419 in
2512 2330 2734 2421 hanc
2769 2335 3155 2456 Sanctam
3198 2332 3501 2421 Sedem
3546 2338 3861 2422 meritis
3907 2332 4438 2450 fulgentium,

1069 2478 1263 2542 vota
1317 2454 1793 2571 postulant:
1849 2479 1931 2543 et
1978 2456 2148 2542 Nos
2183 2520 2214 2560 ,
2277 2452 2671 2542 omnibus
2722 2478 3092 2542 maturae
3142 2451 3820 2542 considerationis
3897 2460 4208 2547 trutina
4256 2494 4440 2579 per-

1066 2579 1340 2690 pensis
1368 2641 1399 2680 ,
1452 2574 1556 2662 ad
1607 2576 2196 2692 omnipotentis
2241 2574 2404 2662 Dei
2482 2574 2883 2686 gloriam,
2961 2605 3060 2664 ac
3108 2573 3610 2687 Religionis,
3672 2579 4177 2697 piorumque
4242 2613 4435 2699 ope·

1065 2727 1256 2783 rum
1305 2700 1915 2786 incrementum
1948 2761 1979 2803 ,
2041 2718 2127 2785 et
2200 2693 2530 2785 felicem
2595 2725 3117 2816 progressum
3191 2693 3577 2814 expedire
3650 2701 3741 2787 in
3786 2698 4159 2789 Domino
4224 2704 4440 2794 arbi-

1063 2841 1409 2909 tramur.
2144 2855 2149 2862 ·
3733 2889 3742 2898 .

903 3023 920 3041 ,
1078 3009 1083 3018 .
1179 2944 1247 3039 S.
1326 2975 1398 3027 1.
1464 2942 1691 3027 Cum
1775 2945 2117 3064 itaque,
2203 2945 2420 3031 sicut
2468 2943 2810 3032 nomine
2858 2938 3316 3031 charissimi
3365 2942 3451 3028 in
3505 2937 3876 3028 -Christo
3953 2938 4106 3028 filii
4181 2950 4439 3034 nostri

668 3027 970 3183 01¹3}ss
1061 3058 1473 3148 Ludovici
1530 3063 2038 3148 Francorum
2077 3062 2319 3175 Regis
2372 3063 3048 3152 Christianissimi
3101 3062 3366 3148 Nobis
3416 3092 3682 3177 nuper
3732 3066 4191 3176 expositum
4244 3063 4430 3175 fuit,
4477 3075 4486 3078 ⁴

670 3209 918 3275 nissimi
1061 3176 1435 3267 custodia
1488 3177 1942 3270 Hiberniae
1995 3181 2341 3270 Ordinis
2391 3184 2779 3271 Fratrum
2827 3187 3255 3273 Minorum
3322 3183 3604 3270 Sancti
3655 3180 4076 3270 Francisci
4114 3247 4139 3292 ,
4220 3183 4439 3303 Cap·

671 3322 911 3388 preces.
1056 3307 1608 3417 puccinorum
1659 3329 2387 3421 nuncupatorum,
2456 3305 2942 3423 quindecim
3018 3304 3599 3392 Conventibus
3634 3363 3659 3409 ,
3726 3333 4030 3417 nempe
4092 3303 4438 3394 duobus·

954 3438 959 3446 '
1054 3427 1142 3509 in
1195 3423 1529 3534 Gallia,-
1583 3455 1679 3511 ac
1728 3425 2070 3546 reliquis
2117 3430 2206 3511 in
2258 3424 2549 3538 Regno
2630 3427 2886 3541 ipsius
2933 3423 3390 3511 Hiberniae
3450 3444 3772 3509 constet
3804 3487 3835 3527 ,
3892 3420 4166 3510 dictus
4232 3455 4429 3516 vero

1055 3543 1539 3635 Ludovicus
1591 3545 1763 3632 Rex
1812 3543 2193 3633 eamdem
2243 3543 2704 3638 custodiam
2755 3549 2842 3631 in
2893 3575 3198 3632 novam
3248 3542 3456 3631 dieti
3505 3538 3850 3655 Ordinis
3901 3542 4423 3638 Provinciam

1054 3662 1159 3748 ad
1208 3668 1465 3753 instar
1514 3667 1866 3753 aliarum
1915 3664 2114 3754 dicti
2171 3664 2516 3752 Ordinis
2600 3666 3229 3753 provinciarum
3278 3698 3322 3750 a
3373 3662 3639 3749 Nobis
3708 3666 3932 3777 erigi.
3960 3666 4427 3779 plurimum

1052 3782 1819 3892 desideret,.Nobis
1866 3810 2299 3906 propterea
2351 3784 2554 3873 dicti
2601 3783 3013 3873 Ludovici
3067 3785 3311 3897 Regis
3361 3788 3702 3871 nomine
3751 3782 4180 3875 humiliter
4231 3821 4425 3907 sup-

1049 3905 1453 4020 plicatum
1505 3905 1725 4015 f'uit,
1790 3932 1886 3995 ut
1934 3912 2020 3993 in
2073 3910 2535 4022 praemissis
2585 3929 3053 4023 opportune
3100 3903 3582 4022 providere,
3637 3927 3773 4012 et,
3825 3928 3922 3991 ut
3970 3906 4181 3996 infra
4217 3975 4248 4015 ,
4301 3915 4429 3997 in·

1048 4023 1393 4139 dulgere
1454 4026 1561 4116 de
1631 4023 2149 4141 benignitate
2206 4027 2651 4143 apostolica
2728 4025 3289 4140 dignaremur.
3377 4025 3550 4111 Nos
3632 4027 3888 4137 igitur
3962 4030 4119 4143 piis
4170 4033 4424 4148 ipsius

1046 4144 1462 4237 Ludovici
1514 4150 1757 4261 Regis
1793 4151 2022 4236 ‚votis
2104 4148 2667 4235 favorabiliter
2712 4178 3085 4234 annuere
3146 4146 3520 4235 volentes
3557 4207 3582 4254 ,
3635 4197 3649 4242 .·
3676 4143 4163 4261 hujusmodi
4228 4183 4425 4268 sup-

659 4323 763 4387 dia
789 4267 1634 4395 ἰΠΡΓΟ.Ρῐίεὲιτ.ἰοῑιίἱ)υε»
1686 4269 2062 4355 inclinati
2098 4334 2128 4373 ‚
2174 4291 2713 4356 memoratam
2766 4265 3223 4356 custodiam
3274 4266 3733 4354 Hiberniae
3782 4270 3871 4352 in
3922 4298 4224 4358 novam
4260 4274 4420 4360 Or·

658 4416 936 4482 vinciam
1047 4386 1265 4474 dinis
1313 4389 1714 4504 praedicti
1768 4391 2350 4496 Provinciam,
2392 4419 2606 4510 quae
2655 4388 2761 4475 ab
2809 4421 2982 4475 uno
3030 4388 3417 4474 Ministro
3465 4387 3970 4477 Provinciali
4010 4450 4036 4497 ,
4121 4424 4216 4479 ac
4262 4394 4424 4480 Di-.

654 4506 918 4615 efigfftjff
1045 4505 1566 4618 finitoribus,
1633 4512 1979 4631 aliisque
2031 4506 2559 4597 Officialibus
2606 4509 3545 4625 juxta-Constitutiones
3618 4505 3995 4624 ejusdem
4072 4510 4462 4606 Ordinis.

655 4599 925 4756 ffi‘g'rtffin
1045 4634 1527 4717 auctoritate
1583 4633 2054 4747 Apostolica
2105 4630 2592 4747 approbatas
2626 4695 2657 4735 ,
2729 4634 2899 4743 regi
2948 4653 3033 4719 et
3080 4629 3520 4742 gubernari
3573 4626 3878 4716 debeat
3908 4693 3934 4736 ,
3986 4633 4196 4719 itaut
4244 4639 4414 4752 ipsa
4525 4641 4538 4651 “

659 4781 951 4848 Provine.
1042 4780 1251 4835 nova
1306 4753 1740 4838 Provincia
1793 4754 2182 4871 illiusque
2262 4751 2646 4837 Minister
2683 4749 3240 4860 Provincialis
3281 4812 3306 4858 ,
3361 4746 3927 4866 ‘Definitoreffi
3994 4756 4416 4876 ceterique

651 4873 995 4964 privilegii,
1042 4868 1463 4958 Officiales
1495 4938 1525 4977 ,
1588 4905 1683 4957 ac
1747 4871 2070 4960 Fratres
2119 4901 2270 4987 pro
2319 4893 2690 4985 tempore
2742 4873 3175 4956 existentes
3211 4932 3236 4976 ,
3289 4868 3680 4956 omnibus
3725 4893 3810 4958 et
3857 4873 4198 4986 singulis
4246 4879 4413 4992 pri-

1038 4992 1355 5103 vilegiis
1392 5057 1416 5100 ,
1468 4993 1793 5109 juribus
1829 5059 1859 5097 ,
1910 4994 2575 5106 praeeminentiis
2607 5053 2630 5096 ,
2695 4991 3325 5104 praerogativis,
3380 4988 3838 5078 honoribus
3872 5054 3899 5100 ,
3949 4996 4227 5106 gratiis
4261 5061 4292 5103 ,
4330 5021 4415 5086 et

1040 5110 1412 5219 indultis,
1470 5115 1773 5231 quibus
1825 5116 2030 5200 aliae
2082 5112 2279 5197 dicti
2321 5109 2664 5196 Ordinis
2716 5111 3200 5200 Provinciae
3251 5132 3421 5199 tam
3470 5108 3823 5227 dejure,
3873 5145 4034 5200 usu
4081 5137 4165 5202 et
4215 5141 4410 5204 con·

1038 5231 1532 5339 suetudine,
1604 5266 1854 5352 quam
1907 5235 2104 5319 alias
2155 5230 2787 5352 quomodolibet
2835 5254 3191 5317 utuntur
3224 5294 3255 5337 ,
3337 5229 3733 5320 fruuntur
3767 5295 3792 5341 ,
3847 5257 3927 5320 et
3977 5231 4398 5346 gaudent:

1039 5385 1133 5437 ac
1185 5357 1302 5439 uti
1343 5417 1365 5457 ,
1416 5352 1644 5457 frui,
1692 5376 1773 5438 et
1819 5351 2180 5465 gaudere
2232 5377 2572 5466 possunt
2621 5374 2705 5439 et
2755 5374 3147 5467 poterunt
3194 5354 3278 5437 in
3331 5350 3710 5439 futurum
3737 5388 3765 5465 3
3814 5356 3987 5468 pari
4022 5353 4272 5441 modo
4320 5380 4404 5444 et

1041 5472 1355 5589 absque
1406 5476 1572 5562 ulla
1625 5505 1955 5591 prorsus
2032 5472 2500 5562 differentia
2587 5477 2769 5580 uti,
2851 5471 3075 5584 frui,
3146 5496 3229 5561 et
3281 5470 3639 5585 gaudere
3720 5472 3981 5566 libere
4030 5498 4113 5564 et
4172 5475 4400 5567 licite
