4834 6409
3570 509 3731 596 303

378 630 799 759 quondam
848 629 1201 745 opibus,
1264 652 1345 716 et
1397 627 1874 716 Catholicae
1922 623 2118 715 fidei
2167 624 2448 715 studio
2494 627 3495 733 florentissimum,‘nunc
3542 660 3741 718 vero
3766 630 3816 695 1·
3879 627 4141 741 induxit<

378 793 419 846 a
475 753 890 845 teterrima
939 749 1319 838 Haeresis
1381 751 1567 847 labe
1601 812 1626 854 ,
1693 781 1906 866 quae
1975 779 2259 835 omnes
2306 745 2481 835 fere
2527 753 2705 863 ejus
2754 770 3021 861 partes
3075 748 3745 863 comprehendit,
3775 720 4130 876 ffiigg‘l'lzumm

381 876 893 963 devastatum
948 933 972 976 ,
1049 874 1375 984 pietatis
1438 872 1719 955 oculos
1772 870 2270 978 dirigentes,
2337 872 2684 984 ejusque
2751 869 3293 955 calamitatem
3330 935 3360 973 ,
3431 895 3524 955 ut
3585 902 3750 955 sae·
3778 903 3857 968 ad
3913 902 4135 970 Fidem

384 1027 491 1108 pe
541 995 781 1096 alias,
848 993 1317 1083 miserantes
1373 994 1820 1103 reperimus
1874 989 2333 1098 Anglorum
2385 987 2824 1073 Nationem
2879 986 2982 1072 ad
3047 988 3352 1073 Christi
3402 987 3655 1077 fidem
3709 993 4062 1074 acatholi-

387 1116 480 1201 B.
532 1111 932 1224 Gregorio
984 1109 1389 1197 Pontifice
1451 1140 1981 1214 conversam,
2056 1139 2153 1193 ex
2229 1138 2329 1197 eo
2408 1103 2777 1222 tempore
2861 1110 3355 1216 singularem
3434 1108 3685 1196 fidem
3726 1106 3938 1214 βω·

386 1234 983 1333 reverentiam,
1064 1253 1315 1348 atque
1388 1227 1945 1327 obedientiam
2018 1229 2102 1313 in
2169 1225 2514 1341 Roman.
2614 1227 2914 1332 Pont.,
3004 1228 3556 1346 Sanctamque
3620 1231 3758 1314 Se-

389 1354 580 1439 dem
644 1351 1202 1463 Apostolicam
1258 1351 1787 1461 praestitisse,
1829 1377 2040 1464 quae
2089 1348 2331 1433 etiam
2373 1349 2458 1430 in
2505 1369 2724 1433 tanta
2777 1370 3238 1431 nostrorum
3289 1369 3752 1462 temporum

388 1472 792 1582 caligine,
859 1470 940 1552 in
1022 1469 1439 1588 aliquibus
1522 1460 1982 1576 insignibus
2067 1465 2227 1549 illis
2271 1463 2669 1582 quidem,
2733 1490 2816 1550 et
2867 1467 3322 1552 illustribus
3380 1471 3577 1553 viris
3639 1500 3760 1554 re·-

386 1589 747 1695 sulsere,
813 1593 956 1705 qui
1026 1619 1176 1701 pro
1240 1586 1493 1699 hujus
1566 1584 1799 1671 Sedis
1861 1585 2262 1693 dignitate
2312 1647 2339 1687 ,
2402 1609 2484 1670 et
2535 1581 3060 1673 Orthodoxae
3110 1584 3305 1671 fidei
3356 1590 3698 1674 veritate
3736 1651 3759 1693 ,

385 1713 602 1797 vitas
649 1740 835 1793 suas
896 1738 1089 1792 cum
1141 1709 1537 1815 sanguine
1589 1736 1895 1819 ponere
1968 1735 2132 1788 non
2199 1701 2689 1789 dubitarunt
2736 1767 2766 1806 ,
2828 1728 3430 1824 versanturque
3493 1712 3764 1824 quoti·

393 1827 532 1916 die
599 1850 791 1914 ante
857 1827 1138 1911 oculos
1216 1847 1533 1909 nostros
1645 1830 1991 1937 juvenes
2087 1854 2184 1909 ex
2250 1822 2397 1906 illo
2466 1826 2922 1908 miserrimo
3004 1826 3291 1935 Regno
3350 1825 3516 1911 huc
3579 1858 3765 1940 pro·

392 1947 805 2060 fugientes
856 2008 882 2051 ,
946 1948 1089 2063 qui
1163 1942 1451 2030 divino
1498 1946 1792 2056 spiritu
1855 1941 2147 2048 ducti,
2211 1945 2534 2054 patria,
2597 1944 3076 2057 parentibus
3114 2008 3140 2049 ,
3205 1968 3287 2030 et
3351 1945 3592 2029 bonis
3648 1979 3765 2032 re-

398 2069 611 2154 lictis
639 2130 669 2169 ‚
732 2097 904 2151 sese
956 2065 1218 2149 Nobis
1269 2061 1375 2148 ad
1424 2060 1901 2148 Catholicae
1955 2063 2400 2168 Religionis
2450 2125 2478 2167 ,
2543 2064 2627 2147 in
2682 2095 2844 2180 qua
2901 2068 3067 2148 nati
3130 2087 3319 2149 sunt
3358 2127 3381 2163 ‚
3447 2066 3765 2150 institu-

393 2191 707 2274 tionem
778 2180 1386 2297 suscipiendam
1449 2184 2023 2269 miserabiliter
2071 2181 2434 2272 offerunt
2469 2245 2494 2288 ,
2560 2213 2660 2268 eo
2709 2187 2984 2268 animo
3021 2246 3044 2291 ,
3113 2213 3209 2269 ut
3266 2185 3615 2270 salutem
3665 2188 3768 2270 si·

390 2307 481 2392 bi
529 2309 892 2422 primum
949 2325 1486 2417 comparent,
1554 2299 1861 2388 deinde
1926 2332 2181 2406 vero,
2257 2323 2349 2386 ut
2414 2323 2597 2416 post
2646 2299 3026 2416 adeptam
3108 2300 3580 2388 divinarum
3648 2337 3770 2392 re-

404 2457 589 2512 rum
656 2426 1079 2511 scientiam
1132 2428 1214 2506 in
1270 2423 1660 2533 Angliam
1738 2419 1842 2506 ad
1894 2422 2153 2524 alios,
2220 2423 2366 2534 qui
2417 2455 2462 2508 a
2547 2423 2678 2509 via
2738 2425 3106 2511 veritatis
3184 2422 3709 2510 declinarunt
3744 2491 3769 2534 ,

400 2542 898 2631 erudiendos
949 2566 1496 2629 revertantur.

520 2666 587 2763 §-
657 2666 744 2748 3.
806 2662 978 2748 Nos
1030 2666 1281 2770 igitur
1328 2662 1706 2776 Gregorii
1757 2665 1934 2775 ejus
1991 2659 2351 2745 nominis
2396 2660 2655 2747 Primi
2714 2663 2846 2775 pia
2914 2666 2998 2747 in
3053 2661 3366 2773 Anglos
3430 2661 3702 2749 officia
3743 2728 3767 2769 ,
3802 2675 3926 2739 Hic
3967 2673 4157 2760 igitur

403 2788 751 2901 ejusque
816 2813 1003 2892 erga
1056 2783 1240 2867 illos
1289 2784 1745 2866 bonitatem
1799 2781 2098 2863 imitari
2153 2782 2578 2893 cupientes
2614 2845 2639 2886 ,
2713 2805 2808 2865 ut
2858 2777 3566 2900 quemadmodum
3619 2787 3772 2897 ipsi
3803 2764 4101 2921 Pgatifaetzx

404 2905 950 2988 concessionis
987 2960 1012 3004 ,
1090 2903 1204 2985 sic
1290 2925 1373 2987 et
1452 2898 1713 2984 Nobis
1764 2900 1868 2983 ab
1934 2930 2205 2985 errore
2256 2902 2798 2987 revocationis
2861 2898 3365 2987 beneficium
3418 2906 3773 3016 accepis·
3797 2879 4029 3012 {²301}ss
4055 2880 4162 3011 {lei

403 3053 490 3106 se
540 3023 627 3103 in
678 3020 1045 3121 Domino
1101 3021 1560 3124 laetentur,
1627 3051 1723 3103 ac
1787 3018 2273 3132 propensam
2330 3049 2616 3103 eorum
2674 3049 2861 3129 erga
2919 3019 3215 3105 Sedem
3271 3020 3769 3134 praedictam
3801 3040 3885 3103 cti
3918 3040 4160 3127 Grego-

413 3139 939 3224 devotionem
987 3136 1626 3224 adolescentium
1665 3142 1921 3243 ,item
1977 3135 2458 3225 Catholicae
2508 3136 2932 3224 doctrinae
2983 3136 3558 3251 adipiscendae
3608 3164 3772 3225 stu·
3798 3130 3877 3194 rii
3906 3132 3952 3194 ¹·
4003 3156 4117 3218 pro

414 3256 647 3341 dium
701 3260 1338 3369 amplectentes,
1405 3259 1642 3342 Motu
1691 3260 2023 3372 proprio
2060 3319 2087 3359 ,
2138 3251 2246 3342 'et
2293 3289 2386 3342 ex
2441 3281 2660 3343 certa
2710 3262 3068 3344 scientia
3105 3282 3372 3344 nostra
3410 3322 3436 3363 ,
3504 3258 3774 3379 deque
3801 3221 4162 3378 gtbnffilperrnzrg

414 3378 971 3490 Apostolicae
1022 3380 1441 3489 potestatis
1524 3375 2047 3490 plenitudine
2123 3373 2227 3461 ad
2305 3376 2923 3488 Omnipotentis
3003 3376 3165 3461 Dei
3246 3377 3626 3486 laudem,
3697 3406 4154 3468 etrevoeatio-

413 3496 610 3580 fidei
670 3495 1147 3581 Catholicae
1212 3501 1813 3582 incrementum
1856 3560 1879 3603 ,
1934 3494 2452 3613 dilectaeque
2503 3496 2764 3580 Nobis
2828 3501 3182 3581 nationis
3275 3495 4122 3607 Anglicanae03‘0011‘2·

421 3612 949 3702 commodum
991 3678 1015 3719 ,
1088 3640 1170 3701 et.
1219 3618 1621 3720 salutem,
1687 3620 1768 3700 in
1838 3612 2182 3700 aedibus
2261 3615 2707 3727 Hospitalis
2785 3617 3249 3726 Anglorum
3322 3614 3427 3702 de
3476 3616 3713 3704 Urbe
3753 3586 4166 3741 ,¹3ssssng

422 3767 688 3819 unum
744 3733 1212 3844 Collegium
1267 3736 1817 3844 Anglicanum
1871 3731 2531 3847 nuncupandum
2579 3756 2976 3847 perpetuo
3011 3739 3463 3844 erigimus,
3527 3761 3612 3822 et
3659 3726 3981 3832 iwi'ere
4046 3770 4165 3832 eri-

419 3856 835 3940 stituirnus
866 3917 889 3959 ,
931 3858 1011 3937 in
1068 3885 1235 3970 quo
1289 3886 1451 3939 non
1504 3859 1781 3938 minus
1815 3918 1838 3958 ,
1905 3883 2151 3971 quam
2192 3856 2792 3969 quinquaginta
2848 3854 3368 3960 scholastici,
3407 3887 3499 3941 ex
3554 3858 3926 3946 omnisit-

420 3976 750 4057 natione
787 4034 811 4076 ,
863 3999 944 4057 et
990 3975 1323 4084 linguae
1375 3972 1762 4059 idiomate
1814 3973 2075 4083 Regni
2128 3968 2718 4085 Angliaecum
2770 4004 2919 4059 suo
2969 3974 3358 4078 Rectore,
3409 4000 3493 4060 et
3543 3980 3785 4061 mini-

426 4093 608 4175 stris
676 4094 1142 4175 necessariis
1224 4096 1610 4196 alantur,
1673 4096 1816 4212 qui
1870 4094 2134 4195 inibi,
2212 4095 2296 4174 in
2376 4090 2896 4203 Philosophia
2938 4155 2961 4197 ,
3029 4126 3123 4177 ac
3199 4094 3645 4203 Theologia
3700 4128 3786 4181 se

428 4231 859 4297 exerceant
908 4273 931 4316 ‚
1031 4208 1366 4296 Graecis
1463 4214 1657 4296 item
1698 4276 1723 4318 ,
1816 4212 2413 4326 Hebraicisque
2490 4210 2741 4295 literis
2823 4244 2971 4324 pro
3051 4236 3291 4324 captu
3382 4217 3786 4332 cujusque

426 4359 755 4442 operam
813 4324 1064 4434 dent,
1131 4331 1217 4414 in
1269 4332 1551 4447 eisque
1600 4354 1925 4418 tantum
1976 4328 2375 4445 proficere
2425 4328 2853 4437 studeant,
2917 4354 3321 4447 quantum
3377 4333 3564 4416 satis
3616 4365 3789 4419 esse

354 4512 359 4519 -
425 4446 837 4535 videatur.

546 4570 616 4669 S.
670 4572 753 4677 4.
819 4567 972 4653 His
1030 4598 1277 4680 porro
1327 4599 1609 4656 omnes
1661 4572 1715 4653 ii
1765 4567 2058 4654 studiis
2117 4598 2450 4680 operam
2520 4569 3005 4673 navabunt,
3075 4567 3177 4653 ad
3265 4601 3475 4687 quae
3526 4604 3569 4655 a
3625 4573 3793 4657 Su·
3896 4562 4166 4668 A¹J¹¹¹¹⁰³

380 4756 399 4761 -
432 4689 896 4804 perioribus
947 4684 1457 4798 dirigentur,
1527 4720 1778 4806 seque
1831 4709 2239 4802 praeterea
2290 4689 2377 4772 in
2433 4690 2786 4799 pietate,
2854 4714 2936 4775 et
2986 4687 3480 4793 devotione,
3535 4695 3789 4776 canti·
3815 4653 4102 4811 ζξζιΐζζὶἶ

433 4809 594 4891 bus
643 4809 1205 4895 ecclesiasticis
1242 4872 1265 4915 ,
1333 4812 1867 4896 caeremoniis
1899 4870 1923 4915 ,
1978 4829 2060 4891 et
2109 4808 2352 4891 sacris
2400 4804 2722 4914 officiis,
2790 4831 2884 4893 ut
2945 4811 3235 4894 melius
3288 4812 3478 4923 ipsis
3531 4812 3787 4924 Supe·
3819 4850 3987 4924 gnat.

437 4926 798 5009 rioribus
857 4930 1123 5012 visum
1176 4925 1485 5034 fuerit,
1552 4927 2072 5015 exercebunt.
2166 4923 2302 5010 Ad
2349 4956 2639 5017 ‚eorum
2707 4950 2982 5012 autem
3032 4934 3412 5011 omnium
3480 4954 3793 5013 susten·

440 5046 835 5130 tationem
887 5045 1058 5129 Nos
1106 5077 1425 5131 annuos
1477 5046 1850 5133 redditus
1901 5051 2149 5132 trium
2201 5044 2554 5130 millium
2608 5070 3029 5132 scutorum
3081 5051 3258 5132 auri
3308 5049 3390 5131 in
3448 5080 3647 5132 auro
3699 5078 3796 5132 ex

441 5167 726 5277 Apost.
783 5161 1048 5268 Cam.,
1100 5194 1248 5249 seu
1297 5165 1764 5251 Datariatus
1815 5164 2268 5252 rationibus
2316 5165 2658 5273 singulis
2707 5166 3126 5252 mensibus
3175 5198 3324 5280 pro
3378 5190 3541 5251 rata
3575 5229 3599 5270 ,
3651 5165 3796 5251 do·

443 5315 611 5369 nec
666 5284 784 5368 eis
847 5279 1181 5368 aliunde
1236 5316 1280 5368 a
1342 5283 1664 5390 Nobis,
1729 5308 1874 5370 aut
1956 5284 2580 5370 Successoribus
2650 5286 2942 5371 nostris
3020 5284 3124 5371 de
3186 5288 3431 5370 simili
3517 5318 3796 5371 annuo

443 5400 776 5489 redditu
831 5426 1346 5515 perspectum
1399 5399 1687 5510 fuerit,
1742 5403 2055 5510 libere,
2123 5424 2208 5488 et
2257 5403 2572 5511 integre
2619 5403 3144 5518 praestandos
3197 5407 3796 5490 constituimus.

560 5520 629 5621 S.
698 5521 776 5609 5.
845 5520 961 5605 Et
1008 5546 1425 5635 praeterea
1474 5525 1591 5610 eis
1664 5528 2064 5638 perpetuo
2119 5519 2710 5630 concedimus,
2775 5528 3416 5634 et'assignamus
3472 5556 3623 5638 pro
3670 5556 3803 5612 eo·
3945 5542 4187 5647 Locuri»

447 5674 635 5731 rum
695 5641 1260 5751 habitatione,
1324 5666 1409 5732 et
1479 5672 1636 5731 usu
1698 5640 1940 5733 aedes
1988 5638 2508 5757 praedictas,
2571 5646 2652 5729 in
2718 5644 3024 5761 quibus
3075 5644 3504 5760 Capellani
3555 5647 3802 5760 Angli
3833 5695 3947 5768 pro
3983 5673 4193 5738 colte-
