4834 6409
1034 469 1149 558 80

1156 578 1571 674 Volumus
1621 605 1960 690 autem,
2028 606 2123 670 ut
2168 584 2726 698 praesentium
2773 583 3307 695 transumptis
3357 579 3605 666 etiam
3656 579 4119 695 impressis,
4151 609 4408 667 manu

1040 710 1394 824 alicujus
1441 704 1763 792 Notarii
1811 706 2128 822 publici
2189 705 2734 819 subscriptis,
2795 725 2882 790 et
2929 705 3200 813 sigillo
3247 731 3644 815 personae
3677 703 3761 785 in
3817 698 4249 811 dignitate
4239 702 4425 786 Ec·

1002 829 1488 920 clesiastica
1539 830 2031 912 constitutae
2080 828 2472 931 munitis,
2529 822 2818 912 eadem
2869 854 3201 937 prorsus
3251 819 3533 909 fides
3510 855 3594 909 ιη
3648 817 4023 937 judicio,
4063 843 4149 907 et
4198 844 4426 908 extra

1038 948 1579 1053 adhibeatur,
1648 949 2103 1092 quaeipsis
2168 944 2740 1060 praesentibus
2805 941 3393 1050 adhiberetur,
3458 946 3524 1030 si
3586 940 3861 1029 forent
3921 941 4410 1050 exhibitae,

1032 1071 1167 1161 vel
1221 1092 1616 1155 ostensae.

1171 1189 1407 1275 Nulli
1458 1218 1651 1298 ergo
1701 1189 2042 1271 omnino
2092 1184 2531 1274 hominum
2584 1188 2823 1274 liceat
2885 1185 3101 1272 hanc
3166 1188 3550 1330 paginam
3603 1203 3926 1268 nostrae
4012 1186 4425 1272 remissio

1045 1303 1223 1414 nis,
1276 1306 1963 1412 condonationis,
2021 1309 2465 1414 cessionis,
2521 1305 2879 1409 decreti,
2931 1312 3274 1413 statuti,
3329 1339 3424 1393 ac
3476 1304 4048 1392 declarationis
4116 1302 4426 1390 infrin-

1050 1461 1297 1546 gere,
1347 1429 1484 1515 vel
1536 1430 1614 1513 ei
1663 1458 1867 1512 ausu
1906 1430 2337 1514 temerario
2388 1431 2846 1540 contraire3
2884 1432 2947 1514 si
2998 1431 3183 1546 quis
3213 1453 3489 1514 autem
3541 1427 3712 1511 hoc.
3748 1446 4147 1512 attentare
4199 1456 4428 1540 prae·

1054 1551 1497 1663 sumpserit
1538 1544 2190 1658 indignationem
2241 1552 2824 1692 omnipotentis
2869 1549 3091 1655 Dei,
3143 1581 3237 1635 ac
3285 1549 3725 1635 Beatorum
3778 1544 3999 1631 Petri
4053 1569 4137 1633 et
4186 1545 4429 1632 Pauli

1055 1667 1646 1788 Apostolorum
1694 1673 1875 1782 ejus
1926 1697 2011 1754 se
2060 1671 2384 1754 noverit
2433 1673 2988 1756 incursurum.

1173 1791 1493 1877 Datum
1545 1789 1854 1874 Romae
1904 1785 2125 1903 apud
2178 1789 2564 1875 Sanctam
2614 1790 2960 1877 Mariam
3014 1790 3470 1904 Maiorem,
3540 1820 3760 1876 anno
3823 1786 4425 1874 lucarnationis

962 2021 971 2028 .
1054 1913 1552 2000 Dominicae
1602 1910 2038 1995 millesimo
2087 1911 2815 2022 septingentesimo
2863 1913 3277 2022 trigesimo
3324 1908 3746 2018 secundo,
3823 1910 4176 2022 septimo
4237 1903 4426 1991 idus

1049 2033 1255 2119 Julii
1304 2029 1847 2119 Pontificatus
1896 2029 2168 2118 Nostri
2235 2061 2459 2116 anno
2508 2028 2899 2118 secundo.

1056 2259 1194 2392 ⁴3*
1248 2257 1488 2462 Ego
1536 2253 2045 2373 Clemens
2095 2254 2739 2369 Catholicae
2796 2255 3345 2371 Ecclesiae
3400 2223 4046 2402 Episcopus

1052 2519 1160 2623 ›1‹
1222 2453 1410 2629 Ego
1462 2517 1949 2607 Franciscus
1995 2521 2462 2635 Episcopus
2513 2518 2832 2607 Ostien.
2898 2519 3365 2606 Cardinalis
3415 2520 3939 2608 Barberinus.

1050 2637 1157 2742 ›1‹
1215 2639 1403 2746 Ego
1467 2637 1763 2726 Petrus
1820 2638 2295 2756 Episcopus
2335 2640 2865 2726 Tusculanus
2915 2639 3164 2727 Card.
3220 2641 3759 2728 Otthobonus
3810 2642 3888 2726 S.
3918 2639 4012 2724 Β.
4031 2638 4135 2723 Ε.
4173 2639 4423 2726 Vice-

1296 2757 1669 2848 Cancell.

1048 2875 1162 3102 ἒ
1217 3000 1404 3111 Ego
1476 2999 1891 3086 Annibal
1912 3001 2379 3118 Episcopus
2434 3002 2929 3091 Sabinensis
3015 3001 3261 3089 Card.
3347 3006 3425 3092 S.
3483 3003 3943 3094 Clementis
3995 3000 4079 3085 S.
4151 2999 4245 3085 R.
4312 3000 4413 3084 E.

1049 3236 1156 3340 ›I‹
1215 3118 1951 3350 Egcgzetidldirliscus
1998 3241 2465 3359 Episcopus
2522 3242 3016 3330 Albanensis
3069 3242 3319 3331 Card.
3375 3246 3644 3334 Picus.

1053 3356 1160 3460 ›I‹
1217 3360 1405 3472 Ego
1450 3358 1526 3443 J.
1583 3359 1677 3446 Β.
1735 3361 1814 3445 S.
1858 3361 1935 3445 L
1938 3365 2296 3450 aurentii
2343 3366 2430 3449 in
2485 3362 2806 3487 Lucina
2857 3363 3093 3451 Prior
3127 3368 3568 3482 Presbyter
3613 3359 3864 3449 Card.
3920 3362 4360 3482 Imperiali.

1052 3478 1158 3582 ›1‹

1045 3599 1152 3701 ᾖ
1190 3601 1399 3712 Ego
1447 3602 1541 3685 F.
1560 3601 1651 3685 A.
1706 3601 1872 3686 Tit.
1931 3602 2009 3688 S.
2026 3599 2434 3689 Praxedis
2486 3602 2926 3718 Presbyter
2976 3604 3056 3690 S.
3081 3606 3175 3692 Β.
3206 3606 3313 3691 Ε.
3348 3602 3596 3692 Card.
3641 3601 4144 3692 Zondadari.

1047 3719 1153 3821 >B
1215 3719 1403 3831 Ego
1452 3721 1543 3805 P.
1598 3721 1716 3809 Μ.
1762 3723 1926 3808 Tit.
1983 3724 2061 3808 S.
2132 3724 2446 3811 Mariae
2496 3725 2790 3811 Trans·-
2797 3725 3153 3839 tyberim
3220 3728 3300 3813 S.
3359 3727 3452 3814 Β.
3504 3729 3610 3813 Ε.
3666 3725 4106 3838 Presbyter
4159 3720 4411 3810 Card·

1297 3838 1831 3984 Corradinus.

1054 3960 1163 4064 >1⁴

1049 4079 1166 4301 ἔξ

1045 4318 1155 4423 ›1‹
1212 4321 1407 4433 Ego·
1449 4321 1788 4410 Curtius
1837 4322 2003 4409 Tit.
2061 4323 2141 4409 S.
2182 4321 2615 4434 Eustachii
2669 4328 2748 4414 S.
2783 4327 2879 4464 Β.
2909 4326 3014 4414 Ε.
3060 4328 3501 4449 Presbyter
3550 4330 3799 4419 Card.
3868 4331 4198 4446 Origus.

1047 4439 1159 4782 Ξ
2332 4693 2341 4700 ,

1046 4798 1155 4904 ›I‹
1219 4800 1433 5007 Ego
1452 4803 1845 4893 Nicolaus
1898 4808 2059 4892 Tit.
2118 4785 2260 4895 SS.
2315 4809 2563 4898 Nerei
2613 4833 2697 4899 et
2781 4809 3133 4902 Achillei
3185 4815 3265 4902 S.
3325 4817 3418 4903 Β.
3487 4820 3587 4904 E
3657 4817 4095 4938 Presbyter
4173 4815 4420 4906 Card.

1044 5037 1152 5143 ›1‹
1355 4925 1663 5041 pinula.
1764 4981 1767 4984 -
3883 5029 3890 5038 ,

1049 5158 1159 5262 >1⁴

1045 5280 1159 5502 Ξ
1216 5282 1401 5395 Ego
1448 5282 1725 5371 Juhus
1774 5286 1910 5374 Tu
1983 5290 2038 5374 S
2106 5291 2626 5408 Chrysogoni
2681 5295 2761 5382 S.
2796 5295 2866 5383 R
2925 5291 3002 5382 E
3070 5300 3512 5445 Presbyter
3543 5307 3770 5397 Card
3807 5307 4275 5395 Alberonus

1038 5517 1145 5622 ›1‹
1216 5521 1402 5634 Ego
1463 5525 1871 5641 Georgius
1922 5529 2093 5620 Tit.
2146 5532 2228 5620 S.
2286 5540 2631 5651 Agnetis
2684 5539 2763 5627 S.
2774 5537 2869 5629 R.
2878 5539 2983 5625 E.
3036 5473 3476 5660 Presbyter
3525 5548 3771 5637 Card.
3807 5549 4175 5728 -Spinula
4217 5547 4296 5635 S.
4310 5459 4418 5630 A·

1293 5649 1563 5756 guetis
1617 5677 2170 5772 nuncupatus.
