4834 6409
3607 456 3774 547 285

386 604 726 697 quoque
756 603 1180 695 nostram,
1240 576 2057 698 sollicitudinemque
2091 641 2117 686 ,
2184 594 2843 703 quantum-cum
2892 573 3266 663 Domino
3307 584 3776 690 possumus,

389 692 497 807 ad
549 692 926 813 ejusdem
962 698 1339 813 ‘Graecae
1390 700 1768 804 Nati-onis
1816 697 2350 786 eommodum
2386 764 2411 805 ,
2467 698 3100 807 utilitatem‚.ac
3152 694 3406 782 decus
3443 760 3467 802 ,
3519 722 3605 783 et
3653 729 3781 783 or·

378 814 878 906 &lamentum
934 817 1376 908 desiderari
1434 819 1656 905 haud
1709 823 1921 935 passi
1971 852 2255 906 sumus
2285 883 2312 922 ,
2383 850 2534 907 nec
2585 824 3121 932 imposterum
3172 821 3608 937 patiemur.

456 957 461 962 ’
514 934 584 1036 S.
658 970 734 1027 1.
805 942 1172 1026 Primum
1227 940 1571 1060 quidem
1653 965 1806 1056 pro
1855 939 2177 1027 dilectis
2240 939 2427 1026 filiis
2484 938 3067 1025 Italo-Graecis
3118 936 3358 1024 dictis
3393 1002 3417 1046 ,
3491 941 3634 1056 qui
3683 970 3783 1023 ex
3811 928 4174 1083 Colica-¹⁰⁰⁵

395 1053 692 1147 Patriis
756 1063 1231 1169 regionibus
1296 1085 1630 1177 propter
1678 1060 2156 1148 Catholicae
2242 1059 2478 1144 Fidei
2531 1090 2858 1146 causam
2913 1056 3410 1173 jamdudum
3461 1057 3781 1173 profugi
3816 1044 3929 1199 Ρξο
3954 1041 4174 1175 εῐῆᾞὲ

380 1175 489 1285 ssin
539 1176 857 1267 ltaliam
908 1180 1440 1270 advenientes
1494 1184 1575 1267 in
1631 1183 1952 1299 aliquot
2000 1182 2523 1295 Neapolitani
2577 1180 2837 1290 Regni
2877 1182 3377 1284 Provinciis,
3411 1204 3493 1266 et
3538 1180 3787 1265 Dine-
3814 1202 4068 1268 Graecis

392 1300 722 1386 eesibus
770 1303 1205 1408 domicilia,
1278 1301 1690 1406 fixerunt,
1755 1305 2041 1421 ibique
2091 1324 2691 1418 commorantes
2757 1299 3071 1413 Patrios
3136 1301 3422 1387 Sacros
3488 1293 4173 1402 Ritns‚?⁰¹¹⁹²f¹²⁵²v

399 1424 955 1507 coeremonias
989 1484 1015 1526 ,
1084 1433 1521 1541 ceteraque
1605 1453 1769 1508 non
1860 1425 2129 1509 solum
2198 1445 2586 1535 perpetua
2668 1418 3189 1509 venerandae
3271 1424 3783 1542 antiquitatis
3812 1384 4150 1542 gffllffffm

393 1537 840 1628 traditione
890 1545 1430 1654 integerrime
1481 1540 1893 1630 custodita
1926 1606 1951 1650 ,
2021 1574 2307 1629 verum
2362 1546 2607 1627 etiam
2664 1545 2969 1629 iteratis
3038 1544 3551 1655 Apostolicae
3631 1540 3781 1626 hu·
3814 1581 4018 1657 vocat.

395 1660 530 1771 jus
584 1661 931 1749 Sanctae
984 1661 1217 1748 Sedis
1280 1665 1662 1749 Oraculis
1730 1664 2172 1778 approbata
2211 1724 2237 1767 ,
2302 1686 2385 1748 et
2438 1659 3474 1749 confirmata.sanctiss·ime
3520 1693 3785 1747 serva-

401 1810 490 1866 re
542 1776 1192 1892 dignoscuntur,
1248 1788 1328 1867 in
1386 1783 1819 1877 Calabriae
1897 1782 2366 1871 meditullio
2402 1847 2425 1889 ,
2487 1782 2640 1893 *ubi
2708 1786 3054 1869 maxima
3119 1781 3454 1869 illorum
3505 1785 3788 1868 multi-

401 1895 606 1983 tudo
643 1964 667 2006 ,
735 1933 830 1987 ac
881 1933 1277 1989 numerus
1318 1909 1732 2018 'reperitur
1767 1967 1795 2010 ,
1836 1906 2419 1999 ‘Seminarium
2459 1965 2484 2009 ,
2554 1934 2698 1987 seu
2776 1903 3240 2014 Collegium
3310 1902 3415 1989 de
3467 1904 3789 2014 gentili-

406 2019 524 2107 tio
591 2047 866 2129 nostro
918 2027 1250 2113 nomine
1297 2025 1742 2112 Corsinum
1790 2022 2111 2112 dictum
2156 2020 2706 2113 excitandum
2746 2087 2769 2130 ,
2822 2021 3595 2143 ins-timendumque
3645 2055 3790 2110 cu·

412 2168 802 2228 tammus.

521 2268 596 2364 §-
654 2295 733 2347 2.
788 2263 1125 2361 ‚Deinde
1158 2296 1371 2354 ’νει-ο
1420 2292 1735 2381 praeter
1786 2267 2246 2372 Rectorem,
2280 2267 2647 2385 aliosque
2674 2268 3109 2377 Magistros
3144 2328 3169 2368 ,
3200 2287 3284 2351 et
3332 2264 3780 2374 Ministros²
3808 2255 4012 2365 anue
4061 2257 4172 2325 <1³¹²

3810 2372 3877 2413 m
3914 2349 4179 2416 Antisti-
4273 2358 4280 2365 '

379 2366 552 2493 'qui
604 2379 973 2470 sedulam
1024 2387 1627 2495 Alumnorum,
1659 2387 2432 2506 Convictorumque
2486 2393 2567 2473 in
2623 2384 3044 2501 praedicto
3093 2386 3549 2471 Seminario
3579 2449 3602 2490 ,
3640 2419 3784 2473 seu
3812 2455 3936 2507 tem
3962 2442 4147 2507 simul

300 2526 305 2531 ·
408 2494 787 2614 Collegio
833 2536 985 2618 pro
1033 2522 1402 2623 tempore
1478 2508 2001 2595 existentium
2085 2534 2368 2594 curam
2451 2530 2808 2617 gerunt,
2872 2506 3460 2593 Venerabilem
3540 2510 3781 2593 etiam
3813 2490 4180 2599 “directo-⁹
4257 2595 4262 2599 ,

405 2612 1294 2718 Fratrem-Samuelem
1350 2629 1845 2716 Beroensem
1900 2626 2638 2740 Archiepiscopum
2667 2691 2696 2731 ,
2748 2631 2908 2745 qui·
2957 2626 3307 2737 hujusce
3392 2630 3505 2713 rei
3562 2630 3788 2712 insti·
3811 2646 3943 2732 “³¹3¹
3988 2625 4120 2689 ⁶⁴¹·-

404 2739 769 2829 tuendae
803 2807 828 2851 ,
897 2745 1629 2866 conficiendaeque
1681 2747 1821 2833 'ab
1871 2750 2107 2835 initio
2168 2748 2432 2833 Nobis
2494 2771 2777 2832 auctor
2828 2778 2928 2836 ex
2973 2743 3791 2835 antedicta-Natione
3813 2715 4180 2875 ssffigulffffi

402 2854 967 2952 Italo-Graeca
1020 2864 1424 2953 oriundus
1460 2929 1485 2974 ,
1548 2865 1989 2981 perfectam
2054 2871 2435 2974 omnium
2488 2862 2859 2981 ejusdem
2926 2866 3222 2953 Gentis
3258 2896 3530 2953 rerum
3584 2864 3806 2957 uoti-'
4079 2853 4124 2911 .·

411 2980 609 3064 tiam
663 2977 958 3068 doctus
1018 2987 1235 3101 ipsos
1312 2991 1809 3097 instrueret,
1891 2990 2136 3077 sacris
2216 2990 2637 3095 initiaret,
2704 3010 3142 3105 ceteraque
3209 2984 3323 3071 ad
3380 2986 3792 3076 Divinum

412 3097 735 3182 cultum
831 3100 1959 3218 adaugendum.Catholicae
2037 3105 2274 3194 Fidei
2345 3108 2995 3195 stabilimentum
3045 3169 3092 3213 ,‚
3151 3110 3270 3192 ·et'
3331 3110 3788 3196 animarum

409 3218 762 3306 salutem
875 3225 1419 3316 rocurandam
1467 3251 1931 3342 opportuna
1969 3290 1994 3334 ,
2062 3252 2145 3313 et
2196 3230 2646 3323 necessaria
2701 3229 3021 3331 obiret,
3088 3223 3360 3314 eidem
3429 3229 3796 3317 Semina-

410 3338 536 3423 rio
565 3400 603 3442 ,.
656 3363 741 3428 et
870 3346 1169 3460 ollegio
1219 3351 1696 3456 Antistitem
1748 3411 1772 3454 ‚
1838 3373 1922 3436 et
1971 3370 2474 3463 supremum*
2517 3344 3122 3437 moderatorem
3192 3343 3790 3461 praefecimus,

413 3462 1056 3573 constituimus,
1120 3490 1204 3554 et
1284 3465 1867 3583 deputavimus
1904 3532 1929 3576 ,
2014 3490 2099 3554 et
2160 3468 2355 3555 alias
2415 3491 2665 3585 prout
2715 3471 2799 3557 in
2854 3471 3149 3555 nostris
3223 3468 3383 3554 sub
3446 3470 3829 3586 plumbo-

412 3574 769 3698 desuper
816 3583 1213 3701 expeditis
1268 3589 1521 3677 literis
1588 3589 1927 3676 uberius
1996 3590 2495 3677 continetur.

531 3702 601 3800 S.
667 3703 752 3788 3.
814 3705 1037 3794 Cum
1101 3731 1377 3795 autem
1417 3770 1441 3815 ,
1506 3710 1721 3797 sicut
1768 3740 1917 3824 pro
1966 3733 2197 3823 parte
2277 3706 2658 3796 moderni
2712 3706 3082 3797 Rectoris
3151 3709 3519 3824 ,collegii
3567 3738 3799 3826 prae·
3879 3738 4191 3805 clementi

418 3814 623 3909 dicti
672 3822 935 3914 Nobis
987 3860 1254 3942 nuper
1336 3831 1796 3943 expositum
1877 3826 2039 3915 fuit
2072 3892 2102 3931 ,
2179 3829 2528 3915 Alumni
2563 3892 2589 3937 ,
2670 3827 3441 3949 Convictoresque'‚
3473 3870 3480 3877 ·
3513 3833 3661 3948 qui
3710 3832 3796 3917 in
3826 3832 4154 3925 supplica-

416 3937 711 4028 eodem
767 3949 1228 4036 Seminario
1267 4011 1292 4055 ,
1336 3956 1487 4036 'seu
1540 3947 1916 4061 Collegio
1953 3972 2553 4036 commorantes
2585 4013 2612 4057 ,
2678 3948 3255 4065 Philosophiae
3292 4013 3317 4057 ,
3381 3983 3480 4038 ac
3528 3950 3800 4037 Theo·
3824 3923 4190 4079 zssffiftfffffi

357 4118 361 4123 -
418 4053 685 4175 logiae
733 4093 1063 4178 operam
1126 4092 1435 4155 navant
1481 4067 1777 4176 ,inde
1853 4056 2135 4157 eiacto
2186 4067 2824 4183 Philosophiae,
2894 4101 2990 4156 ac
3066 4070 3628 4182 Theologiae‘,
3705 4094 3803 4157 ut
3828 4106 4129 4172 cultatem

415 4177 882 4290 praefertur
926 4189 1358 4299 curriculo
1450 4215 1842 4276 exeuntes
1917 4191 2328 4276 Lauream
2403 4187 2883 4275 earumdem
2936 4191 3531 4297 scientiarum,
3596 4221 3802 4308 quas
3828 4196 4143 4263 eoncede-

421 4296 634 4384 inibi
700 4296 1143 4411 ediscunt,
1236 4310 1319 4394 in
1389 4304 1564 4393 aliis
1612 4310 1967 4423 publi-cis
2016 4310 2693 4396 universitatibus
2769 4308 3194 4395 laureaudi
3269 4301 3923 4418 facultatem,¹”‘?²
3964 4288 4192 4355 Alum-

422 4424 1168 4545 auctoritatemque
1219 4424 1720 4513 habentibus
1756 4493 1785 4533 ‚
1834 4432 1916 4513 in
1974 4430 2281 4548 quibus
2348 4428 2696 4515 Alumni
2735 4493 2759 4535 ,
2813 4427 3526 4550 Convictoresque
3575 4462 3804 4545 prae·
3833 4394 4192 4538 ἓξηζῑέῑζ-

422 4533 626 4626 dicti
693 4546 1031 4635 nomine
1079 4548 1457 4636 scientias
1509 4545 1988 4664 hujusmodi
2041 4550 2464 4662 percipere
2510 4571 2857 4664 possunt
2892 4612 2919 4656 ,
2997 4551 3232 4637 nullo
3306 4576 3549 4669 pacto
3613 4583 3806 4641 con·
3832 4562 4011 4628 ribus
4044 4562 4199 4628 dan-

423 4663 659 4779 sequi
723 4664 1102 4753 valeant:
1158 4666 1421 4755 Nobis
1467 4692 1895 4785 propterea
1946 4665 2432 4757 eorumdem
2467 4672 2825 4756 ‘nomine
2876 4670 3433 4786 supplicatum
3480 4696 3603 4760 est
3637 4737 3662 4782 ,
3720 4695 3811 4760 ut
3833 4653 3901 4718 ὤ
3935 4653 4128 4809 Laui)

423 4782 868 4893 Alumnis,
909 4786 1721 4911 Convictoribusque
1757 4813 1920 4877 tam
1970 4788 2081 4876 de
2130 4782 2540 4903 praesenti
2580 4821 2618 4895 ,·
2660 4808 2914 4907 quam
2966 4794 3050 4880 in
3103 4790 3484 4881 futurum
3538 4797 3621 4881 in
3674 4826 3814 4883 eo-
3835 4765 4204 4903 ziffilem‘fq

433 4898 628 4985 dem
693 4902 1080 5021 Collegio-
1141 4910 1677 4998 existentibus
1726 4906 2108 4998 eamdem
2169 4909 2701 5024 Apostolicae
2781 4911 3314 5024 benignitatis
3397 4916 3743 5025 gratiam
3784 4979 3809 5017 ,
4257 4918 4264 4925 ’

432 5049 687 5138 quam
739 5025 1177 5134 Alumnis,
1230 5028 2045 5149 Convictoribusque
2120 5030 2475 5117 aliorum
2532 5028 3160 5147 pontificiorum
3215 5034 3813 5145 Collegiorum,

432 5169 531 5227 ac
590 5148 1068 5255 praesertim
1119 5145 1371 5261 hujus
1434 5150 1700 5237 almae
1749 5148 2010 5237 Urbis
2058 5173 2381 5265 nostrae
2438 5151 2784 5237 Romani
2845 5151 3287 5240 Pontifices
3328 5151 3821 5241 praedeces·

434 5289 665 5466 aureis
694 5268 976 5351 -uostri
1039 5291 1675 5376 concesserunt,
1737 5266 1845 5355 de
1897 5271 2418 5386 Apostolicae
2482 5275 2905 5386 potestatis
2957 5271 3479 5389 plenitudine
3528 5273 3820 5387 elargi-

435 5411 510 5467 τι
645 5413 1139 5495 ignat-emur.
3731 5424 3738 5427 ·

551 5509 620 5608 S.
688 5510 770 5616 4.
800 5566 805 5573 -
836 5506 1010 5593 Nos
1057 5509 1311 5623 igitur
1356 5508 1731 5597 volentes
1782 5510 1974 5624 ipsis
2043 5512 2428 5609 Alumnis
2455 5578 2486 5618 ,
2547 5542 2694 5600 seu
2748 5508 3397 5627 Convictoribus
3460 5520 3823 5638 quibus-
3852 5485 4213 5649 „3353”

436 5657 800 5749 cumque
835 5691 861 5737 ,
927 5650 1015 5721 et
1061 5632 1426 5755 cujusvis
1457 5628 1834 5720 Nationis
1863 5694 1890 5741 ,
1943 5654 2027 5722 et
2065 5632 2302 5724 Ritus
2351 5634 2890 5723 existentibus
2939 5640 3290 5750 gratiam
3332 5638 3601 5733 facere
3649 5671 3830 5761 spe·
3852 5672 4168 5747 Pontifex.
