4834 6409
1006 414 1198 535 314
1781 504 1786 509 .

1007 551 1091 631 in
1180 544 1474 631 Crucis
1542 541 1885 656 figuram
1976 549 2321 633 extensis
2401 540 2751 634 recitent
2814 550 3281 671 quinquies.
3383 545 3702 632 Ceteris
3784 575 3983 633 vero
4081 545 4379 636 diebus

1007 670 1447 786 quinquies
1500 666 1980 753 Orationem
2034 669 2560 755 Dominicam
2602 733 2626 775 ,
2681 700 2764 761 et
2815 673 3409 759 Salutationem
3465 667 3948 781 Angelicam
4004 674 4375 756 recitent.

1009 787 1152 871 IV.
1211 788 1840 875 poenitentiales
1876 793 2489 900 genuflexiones
2522 855 2548 897 ,
2602 820 2806 911 quas
2856 797 3333 883 Metanoeas
3386 820 3773 879 vocamus
3806 852 3830 897 ‚
3895 788 3995 877 ad
4051 790 4379 899 Laudes

1007 911 1306 1021 singuli
1360 932 1771 1025 peragant.
1925 925 1930 930 ’

2291 1057 2304 1071 ‘
2351 1033 2425 1118 C
2489 1036 2564 1120 A
2634 1037 2719 1122 P.
2837 1028 3027 1123 XV.
3156 1056 3165 1067 '

1946 1278 2083 1361 De
2158 1212 2691 1391 Confissione
2771 1281 3416 1369 Sam-amman.
3462 1330 3475 1341 ·

1131 1514 1194 1597 Ι.
1260 1515 1720 1604 Monachus
1778 1545 2106 1638 peccata
2160 1554 2303 1607 sua
2361 1521 2785 1609 Sacerdoti
2853 1521 2954 1610 ad
3009 1521 3558 1610 confessiones
3629 1516 4150 1636 excipiendas
4189 1548 4385 1604 con-

1007 1635 1291 1720 stituto
1343 1634 1715 1724 confiteri
1772 1641 2079 1729 debet:
2140 1647 2197 1725 si
2255 1667 2529 1726 autem
2588 1646 2817 1730 alteri
2889 1643 3309 1731 Sacerdoti
3362 1707 3386 1750 ,
3479 1644 3900 1730 Abbatem
3973 1640 4376 1726 consulat.

1009 1753 1117 1838 11.
1189 1755 1455 1874 quue
1506 1765 1754 1849 semel
1809 1766 2097 1881 quavis
2132 1760 2656 1849 hebdomada
2706 1766 2993 1852 saltem
3036 1787 3408 1880 praestet.
3484 1762 3634 1847 111.
3694 1763 3872 1851 Sub
3922 1764 4379 1873 ingressum

1006 1877 1092 1960 in
1162 1875 1672 1988 Religionem
1752 1884 2109 1997 generali
2197 1880 2707 1972 consessione
2781 1902 3118 2001 'peccata
3169 1918 3311 1969 sua
3389 1882 3613 1998 apud
3695 1879 4221 1969 Sacerdotem
4276 1881 4383 1963 ab

1001 1994 1448 2084 Ordinario
1523 2008 2069 2118 approbatum
2139 2003 2558 2119 deponat,
2609 2039 2791 2094 -nec
2835 2010 3276 2120 recipiatur
3313 2070 3340 2110 ,
3433 2007 3584 2092 nisi
3638 2003 3998 2090 exhibita
4055 2022 4405 2086 attes·ta-.

1005 2120 1229 2204 ²30⁰&
1261 2183 1291 2224 2
1337 2118 1578 2236 *quod
1631 2125 2224 2253 confessionem
2283 2127 2975 2216 Sacramentalem
3028 2129 3414 2213 emiserit.
3839 2122 3847 2129 ’

2334 2371 2404 2458 C
2473 2371 2549 2456 A
2615 2371 2705 2456 P.
2806 2370 3045 2455 XVI.

1648 2610 1785 2694 De
1845 2611 2344 2698 Sanctorum
2409 2610 3035 2730 Mysteriornm
3102 2612 3711 2695 Communione

1127 2847 1193 2930 Ι.
1270 2846 1734 2934 Monachus
1785 2847 2039 2937 debet
2086 2883 2394 2966 opere,
2468 2874 2553 2938 et
2628 2851 3041 2941 desiderio
3114 2875 3519 2969 perpetuo
3582 2875 3956 2968 paratum
4015 2880 4101 2935 se
4150 2880 4385 2965 prae-

1000 2967 1200 3055 here
1263 2966 1370 3054 ad
1417 2971 2034 3084 perceptionem
2090 2977 2583 3060 Sanctorum
2640 2977 3386 3062 Sacramentorum.
3453 2972 3563 3056 11.
3619 2972 4110 3089 Eorumque
4160 3002 4383 3055 com-

998 3091 1485 3175 munionem
1536 3089 2063 3208 frequentare
2100 3157 2127 3197 ,
2180 3119 2431 3212 atque
2479 3097 2891 3211 suscipere
2922 3094 3242 3207 ‚diebus
3291 3094 3757 3179 Dominicis
3791 3156 3815 3198 ,
3875 3115 3959 3177 et
4006 3088 4230 3176 festis
4282 3089 4387 3177 de

999 3231 1462 3324 praecepto.
1535 3210 1688 3294 111.
1757 3215 2011 3330 Sique
2085 3218 2168 3299 iu
2249 3213 2537 3301 eadem
2642 3214 3167 3302 hebdomada
3254 3217 3487 3330 plura
3555 3234 4056 3315 concurrant
4105 3207 4306 3295 festa
4351 3275 4376 3316 ,

1002 3332 1337 3442 propter
1403 3332 1908 3417 sacramenti
1963 3339 2504 3421 reverentiam
2558 3341 2780 3449 juxta
2836 3336 3185 3423 Abbatis
3224 3336 3675 3422 'consilium
3727 3337 3809 3419 in
3881 3329 4384 3450 quibusdam

969 3455 1715 3539 a‘communione
1803 3453 2229 3540 abstineat.
2298 3456 2443 3540 lv.
2528 3450 2990 3551 Monachus
3049 3488 3250 3543 vero
3332 3452 3726 3541 Sacerdos
3802 3454 4148 3538 Sacrum
4218 3482 4432 3571 non.N

1002 3573 1328 3658 omittat
1376 3604 1744 3690 unquam
1778 3637 1802 3677 ‚
1891 3576 2045 3660 nisi
2101 3607 2340 3662 causa
2409 3578 2521 3662 ab
2582 3579 2913 3665 Abbate
2978 3578 3317 3695 probata
3355 3640 3378 3681 ‚
3446 3576 3578 3664 vel
3634 3570 4130 3660 Confessarii
4176 3576 4394 3658 'con-

1000 3692 1207 3775 silio.
1272 3692 1374 3777 V.
1446 3695 1588 3781 Ob
1622 3693 2116 3783 divinorum
2159 3697 2747 3811 Mystes-iorum
2791 3702 3335 3786 reverentiam
3376 3694 3655 3782 nullus
3724 3692 4329 3783 Monachorum
4361 3760 4386 3802 ‚

1000 3811 1174 3899 sive
1240 3812 1633 3902 Sacerdos
1671 3880 1693 3922 ‚
1761 3819 1932 3905 sive
1985 3816 2362 3904 Clericus
2400 3882 2424 3925 ‚
2491 3821 2662 3905 sive
2731 3819 3031 3906 Laicus
3083 3816 3418 3905 Missam
3486 3819 3852 3906 celebret
3888 3877 3911 3920 ,
3976 3836 4121 3899 aut
4161 3809 4381 3898 divi-

1000 3963 1193 4018 nam
1256 3933 1866 4023 Eucharistiam
1951 3941 2355 4054 recipiat,
2422 3942 2573 4025 nisi
2655 3964 2935 4055 aperto
3002 3944 3284 4054 capite.
3358 3938 3505 4025 vl.
3585 3936 4059 4022 Cucullum
4142 3936 4395 4019 etiam

999 4051 1395 4141 Monachi
1471 4088 1757 4144 omnes
1845 4061 2109 4173 capite
2174 4056 2938 4175 deponant,·dum
3018 4062 3271 4148 Sacro
3351 4060 3978 4161 interveniunt,
4051 4076 4132 4141 et
4197 4085 4392 4140 cum

1003 4172 1247 4261 datur
1320 4209 1366 4261 a
1435 4177 1937 4266 Celebrante
2013 4178 2661 4266 benedictio·in
2718 4180 3027 4267 Choro.
3096 4179 3271 4269 Ubi
3355 4181 3694 4267 demum
3767 4175 4390 4265 Sanctissimum

1006 4297 1631 4385 Sacramentum
1686 4302 1770 4384 in
1826 4298 2204 4386 Ecclesia
2241 4320 2828 4405 conservatur,
2892 4300 3218 4420 quoties
3279 4327 3468 4389 ante
3522 4297 3733 4386 illud
3795 4320 3916 4384 est
3968 4321 4399 4411 transeun-

1005 4414 1207 4502 dum
1250 4484 1274 4527 ‚
1340 4442 1591 4534 caput
1651 4415 2095 4535 detegant,
2161 4445 2244 4507 et
2305 4422 2890 4534 genuflectant.
2956 4423 3147 4506 Vll.
3216 4420 3680 4508 Monachus
3748 4419 4181 4503 'Diaconus
4259 4446 4397 4501 co-

1002 4560 1302 4625 ronam·
1344 4543 1428 4623 in
1483 4541 1750 4653 capite
1781 4598 1822 4647 ,-
1873 4560 2119 4659 quam
2205 4539 2605 4629 Sacerdos
2644 4625 2650 4629 ,
2690 4543 2940 4659 paulo
3018 4547 3764 4655 minorem²gestet
3796 4605 3826 4646 ,
3894 4567 4045 4624 nec
4094 4532 4393 4624 Missae

1003 4656 1415 4766 solemni,
1485 4663 1638 4748 nisi
1724 4660 2017 4773 habitu
2066 4662 2425 4751 Diaconi
2493 4662 2838 4750 indutus
2864 4722 2911 4781 ,ᾖ
2951 4658 3439 4761 ministret.-v
3858 4682 3894 4711 ²
4362 4688 4369 4699 ‘

2163 4924 2171 4933 ·
2318 4843 2389 4989 c
2460 4907 2532 4992 A
2601 4882 2695 4994 Ρ.
2804 4840 3087 4995 Χνιῐ.

2375 5152 2515 5236 De
2565 5083 3026 5239 Modestia.

1063 5458 1068 5461 .
1131 5392 1195 5475 Ι.
1263 5388 1730 5478 Monachus
1791 5423 1839 5481 e
1890 5390 2122 5480 Cella
2173 5416 2708 5504 egressurus,
2779 5393 3206 5510 proprium
3280 5394 3665 5484 ‘habitum
3716 5386 4067 5478 induat:
4123 5418 4395 5507 neque

1005 5516 1185 5602 sine
1238 5544 1339 5602 eo
1390 5546 1432 5600 a
1485 5515 1875 5632 quopiam
1927 5513 2431 5626 se³conspici
2480 5517 2931 5630 permittat.
3002 5510 3648 5635 Memineritque
3696 5513 4099 5600 inclinare
4148 5532 4397 5627 caput

1009 5635 1528 5745 Abbatibus‚
1595 5656 1681 5721 et
1757 5635 2342 5728 Sacerdotibus
2392 5637 2855 5726 senioribus
2890 5700 2915 5747 ‚
2987 5638 3621 5731 circumstantiis
3682 5636 3843 5724 loci
3891 5658 4142 5754 atque
4191 5656 4399 5723 tem·
