4834 6409
1043 414 1216 506 382

892 592 900 597 ·
1040 539 1362 626 Poenas
1410 561 1608 624 vero
1657 555 2192 643 commutare,
2245 557 2326 622 et
2388 567 2542 655 pro
2590 535 2984 653 gravibus
3033 537 3270 629 leves·
3311 540 3777 658 injungere,
3827 556 3972 624 aut
4015 535 4434 641 viceversa

1042 686 1199 777 pro
1274 657 1622 745 levibns.
1673 686 1963 769 graves
2023 658 2523 773 imponere,
2590 691 2754 749 non
2812 665 3124 775 poterit
3197 663 3384 750 sine
3455 659 3799 749 consilio
3845 720 3871 763 ‚
3937 680 4022 745 et
4071 653 4440 769 Congre-

1046 780 1374 892 gatione
1434 773 2071 865 Monachorum.
2121 776 2366 887 Quae
2413 806 2690 869 autem
2740 778 2880 866 hic
2942 803 3261 870 taxatae
3315 814 3483 869 non
3540 802 3738 868 suut
3785 805 4104 896 poenae
4150 839 4178 884 ,
4245 806 4438 864 cum

1047 900 1392 987 consilio
1441 894 1902 987 eorundem
1963 896 2582 987 Monachorum
2648 905 2746 988 in
2799 898 3174 988 Domino
3226 897 3557 991 taxabit.
4268 918 4275 923 “

2385 1140 2489 1226 -G
2554 1143 2629 1227 A
2698 1143 2790 1228 P.
2909 1138 3064 1224 111.

2083 1383 2222 1468 De
2287 1380 2459 1467 levi
2511 1380 2798 1497 Culpa
2835 1444 2859 1490 ‚
2922 1401 3005 1466 et
3040 1355 3389 1468 Poena.

1175 1626 1532 1716 Levium
1598 1624 2033 1740 culparum
2085 1652 2252 1709 non
2303 1644 2430 1709 est
2495 1651 2913 1708 numerus.
2968 1620 3099 1707 Ex
3153 1619 3279 1710 his
3331 1640 3613 1712 autem
3653 1687 3680 1734 ,
3744 1656 3961 1744 qnae
3996 1621 4148 1713 hic
4199 1653 4446 1742 appo·

1051 1771 1434 1852 aluntur,
1487 1743 1593 1831 de
1645 1747 1944 1833 ceteris.
1986 1740 2356 1859 judicare
2419 1742 2778 1856 pronum
2840 1744 3022 1829 erit.
3091 1742 3341 1832 Levis
3416 1747 3662 1861 culpa
3746 1769 3890 1832 est.
3958 1745 4025 1830 Ι.
4093 1744 4185 1830 Si
4261 1749 4448 1863 quis

1056 1868 1162 1957 ad
1216 1867 1826 1955 inchoationem
1883 1862 2221 1969 Officii,
2289 1863 2425 1949 vel
2470 1859 3156 1974 'Congregationis
3190 1926 3217 1971 ‚
3271 1866 3418 1952 ‘vel
3470 1868 3935 1953 collationis
3996 1865 4444 1980 spiritualis

1051 2021 1222 2076 non
1276 1984 1654 2076 adfuerit.
1721 1986 1827 2071 ΙΙ.
1885 1987 1969 2072 Si
2023 1985 2206 2102 quis
2257 1980 2574 2102 aliquid
2625 1980 2919 2069 dixerit
2951 2045 2976 2091 ,
3040 1985 3174 2070 vel
3224 1982 3509 2073 fecerit
3558 2050 3583 2093 ,
3652 1984 3885 2074 unde
3933 1984 4260 2072 Fratres
4323 1982 4449 2081 off-

1054 2106 1528 2197 sendantur.
1595 2106 1745 2191 ΙΙΙ.
1818 2107 1902 2192 Si
1976 2107 2160 2224 quis
2240 2101 2675 2223 quidpiam
2746 2104 3226 2191 utensilium
3299 2136 3398 2193 ex
3446 2104 3763 2194 desidia
3825 2104 4165 2218 fregerit
4208 2167 4235 2214 ,
4299 2128 4451 2192 aut

1055 2227 1570 2345 perdiderit;
1632 2228 1770 2317 vel
1838 2227 2003 2312 cibi
2056 2289 2080 2335 ,
2145 2248 2495 2340 potusve
2542 2221 2860 2342 aliquid
2920 2220 3336 2313 effuderit.
3405 2227 3553 2314 IV.
3620 2228 3705 2313 Si
3756 2231 3948 2345 quis
4012 2228 4447 2312 communi

1057 2348 1494 2438 refectioni
1539 2380 1706 2437 non
1759 2343 2248 2434 interfuerit.
2315 2345 2420 2429 V.
2488 2345 2574 2430 Si
2638 2348 2823 2462 quis
2889 2348 3357 2432 constitutis
3427 2345 3652 2433 horis
3716 2349 4138 2434 silentium
4186 2342 4451 2457 frege-

1059 2473 1189 2557 rit.
1255 2471 1399 2559 Vl.
1472 2470 1557 2554 Si
1606 2470 1792 2589 quis
1841 2498 1992 2582 pro
2036 2470 2320 2571 victu,
2383 2488 2531 2551 aut
2576 2466 3158 2574 vestimentis,
3237 2468 3371 2554 vel
3423 2468 3577 2553 alia
3632 2498 3721 2555 re
3769 2468 4450 2557 murmuraverit.

1068 2591 1396 2699 V11.‚si
1446 2593 1631 2709 quis
1695 2606 1980 2677 eor'um
2017 2651 2044 2694 ,
2112 2590 2257 2706 qui
2305 2585 2896 2673 communibus
2962 2583 3289 2698 Officiis
3363 2586 3741 2704 deputati
3803 2609 4002 2675 sunt
4048 2612 4097 2697 ,·
4138 2616 4453 2674 munus

1061 2743 1306 2798 suum
1377 2713 1464 2797 in
1544 2742 1632 2798 re
1692 2710 1967 2827 aliqua
2017 2707 2486 2821 neglexerit.
2538 2704 2774 2790 VIII.
2830 2705 2915 2790 Si
2968 2710 3161 2823 quis
3207 2712 3494 2823 potum
3528 2773 3552 2817 ‚
3605 2709 3742 2799 vel
3790 2710 4076 2795 cibum
4123 2710 4305 2794 sine
4354 2709 4457 2794 li-

895 2924 920 2945 x„
1065 2836 1336 2921 centia
1403 2831 1861 2947 sumpserit.
1933 2829 2086 2917 IX.
2156 2830 2239 2914 Si
2293 2825 2605 2912 Officio
2679 2829 2767 2912 in
2833 2824 3157 2914 Tabula
3243 2829 3649 2940 assignato
3724 2826 4110 2916 defuerit.
4171 2827 4288 2912 X.
4363 2828 4453 2914 Si

935 2949 1247 3074 *quis
1297 2957 1387 3039 in
1441 2955 1930 3039 ceremoniis
2007 2950 2339 3054 Missae,
2387 2946 3063 3063 Divinorumque
3147 2945 3642 3037 Officiorum
3720 2952 3998 3037 minus
4059 2946 4456 3036 decenter

1061 3106 1147 3162 se
1213 3075 1548 3185 gesserit
1583 3135 1610 3178 ‚
1676 3098 1818 3160 aut
1889 3067 2210 3192 aliquid
2259 3070 2624 3154 omiserit
2672 3129 2698 3172 ,
2779 3066 2916 3157 vel
2980 3063 3088 3154 de
3148 3099 3300 3155 suo
3384 3067 3827 3181 addiderit..
3890 3068 4045 3155 XI.
4111 3070 4197 3155 Si
4262 3071 4452 3188 quis

1067 3195 1354 3280 oculos
1436 3223 1684 3304 vagos
1731 3191 1834 3280 ad
1896 3193 2341 3281 vanitatem
2395 3185 2806 3297 direx-erit.
2868 3185 3071 3271 XII.
3148 3190 3233 3274 Si
3318 3193 3507 3309 quis
3556 3193 3989 3306 strepitum
4043 3192 4130 3277 in
4201 3192 4449 3297 cella,

1062 3314 1203 3400 vel
1250 3312 1778 3423 Mouasterio‚
1845 3334 1987 3401 aut
2035 3309 2404 3396 Ecclesia
2441 3371 2469 3416 ,
2532 3310 3066 3425 sonitumque
3135 3305 3447 3398 fecerit.
3516 3310 4039 3430 Quicunque
4087 3313 4171 3396 in
4222 3342 4458 3429 prae·

1066 3431 1326 3540 fatos,
1392 3454 1475 3518 et
1521 3433 1826 3523 similes
1874 3428 2246 3520 defectus
2297 3426 2736 3536 inciderit,
2802 3425 3047 3515 et·de
3096 3430 3259 3518 illis
3331 3432 3887 3547 proclamatus
3947 3429 4252 3538 suerit,
4318 3433 4459 3519 vel

1064 3558 1240 3669 ipse
1291 3585 1378 3641 se
1440 3578 1732 3670 sponte
1779 3551 2406 3669 proclamaverit
2454 3612 2481 3655 ‚
2542 3549 2679 3636 vel
2732 3545 3075 3637 aliunde
3140 3547 3301 3639 hoc
3351 3557 3621 3669 ipsum
3654 3553 4214 3665 ·constiterit;
4279 3551 4459 3638 Ab·

1066 3674 1214 3760 bas
1265 3677 1644 3790 injungat
1692 3674 2073 3791 peccanti
2124 3702 2390 3756 unum
2442 3668 2863 3757 Psalmum
2909 3732 2936 3776 ,
3003 3672 3139 3758 vel
3192 3673 3510 3792 aliquot
3562 3671 4002 3760 Orationes
4077 3671 4461 3760 Domini·

1070 3826 1257 3901 caS,
1323 3794 1458 3883 vel
1530 3794 1894 3883 Psalmos
1925 3858 1954 3901 ‚
2017 3824 2163 3880 seu
2213 3789 2832 3903 genuflexiones
2888 3791 2975 3875 in
3033 3788 3504 3880 Refectorio
3535 3857 3560 3900 ,
3614 3815 3759 3879 aut
3805 3793 4176 3881 Ecclesia
4227 3797 4460 3908 juxta

1071 3913 1419 4003 modum
1459 3978 1485 4021 ,
1536 3947 1709 4035 quo
1756 3918 2092 4005 excessit
2139 3976 2168 4022 ,
2232 3934 2319 3998 et
2365 3911 2850 4028 qualitatem
2901 3941 3322 4028 personae.

2468 4150 2539 4237 C
2608 4152 2682 4237 A
2748 4153 2841 4238 P.
2942 4153 3088 4240 IV.

2073 4395 2213 4479 De
2269 4391 2545 4481 Gravi
2596 4393 2872 4509 Culpa
2909 4459 2938 4500 ,
2997 4412 3081 4484 et
3149 4398 3462 4482 Poena.

1195 4633 1557 4721 Gravem
1632 4632 1962 4748 culpam
2011 4663 2466 4724 censemus.
2534 4634 2599 4720 I.
2671 4638 2754 4720 Si
2810 4640 2996 4753 quis
3047 4637 3333 4721 Frater
3393 4669 3586 4725 cum
3640 4637 3953 4752 Fratre,
4008 4644 4149 4731 vel
4193 4664 4455 4729 exter-

1074 4784 1186 4840 no
1234 4756 1485 4859 intus,
1537 4755 1671 4841 vel
1737 4749 1935 4840 foris
1996 4756 2657 4844 rixashabuerit.
2729 4757 2815 4842 Si
2866 4759 3054 4876 quis
3115 4757 3443 4867 Fratri,
3508 4760 3644 4846 vel
3699 4759 4112 4850 Saeculari
4165 4788 4458 4850 contu·

1066 4871 1751 4961 meliam—dixerit
1799 4938 1823 4981 ,
1888 4875 2021 4963 vel
2075 4880 2398 4989 minas,
2466 4899 2549 4963 et
2598 4877 3037 4964 maledicta
3115 4881 3200 4963 in
3255 4879 3589 4966 eosdem
3655 4886 4119 4996 protulerit.
4188 4884 4297 4968 11.
4367 4886 4456 4971 Si

1035 4996 1261 5113 ‘quis
1312 4996 1527 5081 inter
1588 4995 1911 5082 Fratres
1961 4994 2451 5087 discordiam
2495 5060 2520 5104 ‚
2586 4993 2805 5083 dicta
2888 5002 3155 5087 unius,
3207 5000 3439 5087 alteri
3511 4997 3947 5089 referendo
3997 5071 4026 5109 ,
4089 5006 4225 5092 vel
4292 5007 4457 5090 alio

1071 5111 1325 5200 modo
1369 5118 1922 5202 seminaverit.
1990 5116 2143 5203 IIL
2199 5120 2282 5203 Si
2338 5121 2525 5235 quis
2575 5122 2872 5231 jurare,
2928 5121 3258 5205 mentiri
3292 5184 3316 5227 ,
3368 5123 3669 5236 turpia,
3724 5125 3852 5208 vel
3905 5127 4273 5211 scurrilia
4331 5123 4456 5210 di-

1076 5265 1262 5321 cere
1311 5296 1335 5342 ,
1400 5233 1508 5321 ad
1584 5237 1839 5321 risum
1904 5235 2104 5359 alios
2165 5241 2460 5354 ineptis
2511 5241 3094 5349 garritionibus
3150 5268 3603 5355 provocare
3652 5305 3676 5349 ‚
3743 5244 4166 5332 silentium
4236 5243 4461 5330 sran-

1071 5384 1261 5465 gere
1312 5416 1336 5460 ‚
1404 5387 1599 5442 cum
1666 5353 2124 5443 offensione
2171 5362 2649 5472 praesertim
2699 5356 3054 5448 fraterna
3091 5423 3115 5469 ,
3201 5363 3285 5447 in
3342 5361 4033 5465 consuetudinem
4100 5363 4460 5454 duxerit.

1075 5475 1216 5561 IV.
1261 5475 1373 5563 ‚Si
1422 5477 1610 5594 quis
1661 5507 1852 5563 cum
1918 5473 2320 5584 ibraminis,
2373 5502 2521 5564 aut
2565 5483 2843 5593 pueris
2891 5481 3475 5602 colloquendo,
3529 5488 3863 5571 attentis
3915 5490 4464 5575 circumstan-

1075 5596 1202 5684 tiis
1267 5597 1454 5704 loci,
1510 5600 1903 5713 temporis
1940 5660 1963 5704 ,
2017 5622 2101 5686 et
2161 5629 2696 5716 personarum
2746 5604 3299 5719 suspicionem
3350 5605 3710 5722 aliquam
3760 5609 3938 5695 vitii
3995 5610 4454 5719 ingesserit,
