4834 6409
980 445 1032 534 3
1106 478 1151 531 2

985 449 1129 651 suia
1167 562 1537 683 'quisque
1589 558 2012 647 electionis
2061 557 2485 672 prioritate
2538 620 2564 663 ,
2631 558 2695 643 si
2764 557 3230 673 Presbyteri
3302 588 3589 644 omnes
3639 555 3804 641 sint
3839 616 3866 660 ,
3917 549 4049 637 vel
4099 545 4375 661 digni-

991 709 1155 771 tate
1192 749 1221 790 ,
1284 686 1347 768 si
1401 684 1587 801 quis
1635 706 1922 767 eorum
1977 677 2416 790 Presbyter
2450 740 2474 784 ‚
2542 702 2624 763 et
2676 678 2882 763 alius
2936 711 3098 782 non
3158 678 3597 791 Presbyter
3645 680 3748 760 sit
3782 736 3807 781 ,
3876 675 4231 785 primum
4287 672 4368 752 in

992 802 1509 897 consessibus
1556 866 1586 905 ,
1648 824 1733 894 et
1779 795 2187 908 suffragiis
2247 795 2610 885 ferendis
2663 799 2936 885 locum
2990 825 3239 886 tenet.
3297 795 3781 884 Secundum
3840 794 4378 902 Hegumenos

993 957 1217 1031 vero,
1270 922 1639 1008 Abbates
1693 921 2369 1005 Provinciarum:
2412 915 2720 1003 deinde
2770 920 3140 1006 Abbates
3174 919 4140 1027 Monasteriorum·juxta
4196 912 4379 1005 uni÷

988 1050 1500 1160 uscujusque
1551 1041 2030 1136 Monasterii
2110 1034 2622 1149 dignitatem.
2674 1040 2900 1124 Tum
2968 1043 3067 1144 ii,
3133 1044 3279 1159 qui
3330 1035 3643 1123 Officio
3695 1035 4120 1120 Abbatum
4153 1093 4177 1137 ,
4244 1028 4382 1115 vel

983 1164 1118 1259 He
1179 1192 1667 1262 umeuorum
1720 1157 2092 1259 defuncti
2143 1181 2342 1255 sunt,
2390 1220 2414 1264 ,
2482 1158 2774 1247 eodem
2832 1158 3155 1246 Ordine
3206 1223 3230 1267 ,
3302 1182 3397 1244 ut
3446 1188 3715 1273 supra.
3766 1158 4138 1241 Demum
4198 1149 4382 1234 Mo-

987 1195 1228 1385 ua'cqii
1296 1279 1633 1398 professi
1688 1342 1711 1387 ,
1781 1301 2092 1376 servata
2172 1280 2387 1369 inter
2451 1310 2587 1364 eos
2651 1277 3104 1365 Sacerdotii
3158 1278 3616 1389 dignitate,
3682 1299 3767 1363 et
3841 1268 4383 1358 Professionis

986 1407 1434 1522 prioritate·
1488 1400 1690 1498 XII·
1754 1402 1834 1492 Si
1890 1394 2227 1515 quando
2281 1422 2556 1493 autem
2612 1403 3076 1509 contigerit,
3132 1423 3228 1484 ut
3275 1400 3623 1509 eligatur
3667 1396 4048 1480 Vicarius
4107 1389 4385 1477 Abba-

990 1551 1228 1646 ἰωῇ,
1296 1545 1442 1619 aut.
1498 1520 2227 1631 Hegumeaorum.
2292 1521 2357 1611 is
2424 1519 2698 1615 locum
2753 1520 2973 1607 illius
3034 1518 3416 1623 tenebit,
3485 1521 3727 1630 cujus
3777 1515 4169 1600 vicariam
4237 1541 4387 1623 po-

993 1666 1368 1743 testatem
1440 1643 1675 1752 gerit,
1715 1664 1807 1737 ut
1857 1662 2051 1754 puta
2116 1636 2497 1736 vicarius
2552 1639 2903 1739 Abbatis
2953 1637 3387 1725 Generalis
3441 1640 3799 1750 primum
3854 1636 4130 1719 locum
4194 1653 4387 1716 ante

994 1780 1282 1865 omnes
1334 1762 1918 1872 Hegumeuos:
1978 1782 2062 1851 et
2097 1761 2216 1851 sic
2266 1756 2373 1847 de
2428 1759 2759 1853 Vicario
2816 1759 3530 1868 Hegumenorum,
3567 1779 3651 1843 et
3704 1754 4132 1838 Abbatum
4187 1750 4387 1836 Pro-

992 1886 1452 1984 vinciarum
1495 1945 1523 1985 ‚
1593 1902 1840 1996 atque
1923 1880 2645 1975 Monosteriorum.
2741 1878 3282 1997 Reliquorum
3366 1907 3562 1973 vero
3648 1871 4146 1960 Officiorum
4199 1933 4223 1974 ,
4288 1891 4388 1954 ut

996 2004 1426 2099 secretarii
1478 2000 2244 2110 Congregatiouum
2330 1998 2931 2088 antedictarum
2970 2064 2997 2105 ,
3068 1999 3284 2083 Socii
3360 1997 3790 2083 Abbatum
3826 2056 3850 2100 ,
3918 1991 4057 2077 vel
4106 1990 4391 2099 Hegu-

989 2116 1428 2225 meliorum
1460 2181 1485 2224 2
1544 2118 2107 2213 procuratoris
2158 2115 2632 2223 Generalis,
2692 2143 2834 2209 aut
2897 2119 3439 2221 Provinciae,
3489 2119 3661 2202 sive
3708 2112 4237 2213 Monasterii,
4303 2133 4391 2193 et

998 2245 1565 2357 reliquorum,
1620 2269 1788 2324 non
1841 2241 1991 2337 alia
2052 2240 2256 2329 ratio
2323 2236 2807 2346 habebitur,
2876 2271 3125 2360 quam
3187 2240 3628 2354 prioritatis
3699 2228 4148 2320 Sacerdotii
4199 2289 4224 2334 ,
4304 2252 4391 2314 et

1000 2360 1573 2450 professionis.

2370 2595 2441 2680 c
2506 2601 2585 2685 A
2654 2578 2748 2684 ΡΖ
2877 2599 3030 2685 111.

2184 2841 2324 2925 De
2367 2840 2712 2951 'Abbate
2782 2838 3209 2924 Gener-ali.

1127 3082 1195 3165 Ι.
1263 3080 1545 3164 Abbas
1600 3079 2029 3167 Generalis
2082 3109 2271 3164 cum
2329 3082 2603 3170 totius.
2637 3076 2978 3179 Ordinis
3031 3072 3672 3164 curam-habere
3725 3070 4052 3181 debeat,
4108 3109 4153 3165 a
4220 3097 4393 3161 toto

947 3198 1332 3303 *Ordine
1386 3202 1482 3303 in,
1544 3198 2207 3308 Congregatione
2287 3196 2675 3285 Generali
2734 3197 3163 3310 eligendus
3219 3202 3399 3285 erit.
3456 3196 3535 3279 Is
3603 3215 3880 3281 autem
3944 3227 4041 3281 ex
4104 3226 4391 3281 eorum

1012 3349 1368 3406 numero
1405 3316 1591 3403 'esse
1642 3317 1923 3420 debet,
1987 3320 2130 3435 qui
2186 3315 2333 3401 diu
2390 3321 2471 3401 in
2534 3315 2857 3404 Ordine
2892 3381 2917 3424 ,
2982 3343 3065 3405 et
3114 3317 3647 3405 laudabiliter
3714 3318 4005 3401 vixisse
4066 3345 4394 3430 perspe-

1014 3443 1123 3527 cti
1176 3460 1421 3525 sunt:
1492 3436 1657 3521 Cui
1727 3437 2080 3551 proinde
2132 3468 2287 3523 nee
2338 3433 2549 3524 desit
2589 3441 2903 3525 eximia
2972 3439 3331 3552 probitas
3382 3467 3537 3523 nec
3598 3464 3829 3519 amor
3890 3465 4082 3547 erga
4145 3433 4395 3520 Ordi-

1017 3591 1263 3662 nem,
1331 3587 1487 3644 nec
1549 3554 1843 3643 idonea
1909 3555 2342 3663 doctrina,
2400 3589 2553 3643 nec
2614 3555 2720 3644 ad
2782 3557 3360 3645 sustinendum
3411 3560 3734 3642 tantum
3787 3586 4000 3641 onus
4050 3618 4074 3663 ,
4141 3558 4394 3642 animi

1013 3681 1543 3793 corporisque
1595 3674 1936 3762 firmitas
1986 3712 2004 3760 ε
2077 3682 2222 3793 qui
2287 3676 2629 3762 demum
2689 3680 3015 3764 nullum
3068 3710 3165 3765 ex
3216 3682 3313 3763 iis
3364 3673 3978 3790 impedimentis
4061 3675 4387 3779 habeat,

1013 3830 1228 3917 quae
1307 3795 1515 3910 infra
1585 3795 1787 3909 Cap.
1856 3794 1964 3882 de
2030 3798 2578 3883 electionibus
2642 3823 3204 3885 recensentur:
3270 3798 3377 3883 ΙΙ.
3424 3798 3666 3880 'Cum
3730 3824 3932 3883 vero
3993 3798 4392 3883 canonice

1010 3920 1319 4006 electus
1387 3914 1687 4021 fuerit,
1738 3942 1821 4003 et
1896 3918 1980 4034 iu
2059 3949 2202 4001 sua
2254 3915 2657 4029 dignitate
2722 3918 3083 4029 legitime
3165 3916 3759 4022 confirmatus,
3825 3912 4394 4001 omnimodam

1012 4061 1497 4155 potestatem
1554 4036 1854 4123 habeat
1904 4039 1986 4122 in
2045 4033 2365 4123 Ordine
2417 4058 2695 4123 nostro
2745 4037 2848 4124 ad
2908 4070 3278 4123 normam
3335 4038 3697 4148 Regulae
3732 4100 3755 4143 ‚
3823 4060 3905 4121 et
3969 4034 4401 4122 Constitu·

1018 4163 1363 4245 tionum.
1437 4153 1569 4240 Ad
1647 4162 1826 4273 ejus
1889 4160 2171 4275 itaque
2253 4160 2822 4244 auctoritatem
2900 4161 3277 4271 pertinet.
3349 4159 3628 4245 Primo
3681 4220 3705 4264 ,
3787 4187 4157 4269 praeesse
4246 4157 4397 4242 toti

1016 4276 1376 4386 Ordini,
1437 4277 1944 4388 Hegumenis
1981 4338 2006 4383 ,
2077 4275 2545 4362 Abbatibus
2581 4339 2606 4382 ,
2674 4303 2757 4363 et
2807 4277 3241 4364 Monachis
3290 4279 3678 4363 omnibus
3714 4341 3744 4381 ,
3825 4278 3979 4359 nisi
4057 4273 4435 4395 quando,

1015 4401 1102 4482 in
1166 4396 1455 4485 eadem
1523 4399 2180 4508 Congregatione
2243 4396 2631 4483 Generali
2685 4398 2791 4485 de
2868 4401 3121 4514 ipsius
3185 4431 3423 4484 causa
3502 4392 4172 4511 pertractandum
4228 4399 4392 4501 sit,

1017 4540 1111 4609 ut
1157 4515 1370 4602 infra
1421 4516 1525 4602 de
1603 4516 2274 4630 Depositionibus
2338 4515 2768 4617 Abbatum
2821 4517 3167 4604 dicetur.
3237 4517 3625 4604 Secundo
3662 4581 3686 4624 ,
3742 4519 3825 4601 in
3880 4521 4102 4601 omni
4174 4522 4400 4605 Con·

1013 4639 1480 4748 gregatioue
1564 4640 1809 4721 etiam
1888 4634 2305 4722 Generali·
2358 4634 2843 4750 suffragium
2916 4638 3265 4724 Abbatis
3341 4638 3773 4724 Generalis
3851 4633 4104 4723 habet
4171 4668 4399 4752 prae-

1021 4759 1468 4866 rogativam
1552 4756 2118 4869 praelationis,
2173 4780 2257 4843 et
2342 4757 2960 4871 praecedentiae
3009 4821 3034 4864 ,
3104 4758 3250 4843 ubi
3311 4755 3694 4869 suffragia
3768 4754 4079 4843 fuerint
4129 4762 4395 4871 paria.-

1025 4876 1311 4962 Tertio
1351 4938 1375 4980 ,
1462 4908 1608 4990 per
1669 4906 1754 4962 se
1805 4936 1829 4982 ,
1906 4876 2041 4961 vel
2091 4907 2238 4991 per
2300 4879 2559 4965 alium.
2623 4901 2883 4992 potest
2945 4875 3407 4991 praesidere
3470 4878 3859 4962 omnibus
3910 4877 4400 4990 ‘Congrega-

1018 4996 1383 5103 tionibus
1438 5059 1460 5099 ,
1540 4999 1870 5083 visitare
1953 4999 2225 5097 omnia
2320 4997 2917 5102 Monasteria·,-
2970 5006 3060 5083 'et
3133 4998 3595 5116 quemlibet
3680 4998 4193 5085 Monachum
4290 4998 4395 5084 de

875 5198 882 5205 ,
1021 5115 1454 5225 Provincia
1535 5112 1639 5201 ad
1719 5117 2302 5223 Provinciam,
2377 5119 2519 5208 veli
2585 5116 2689 5215 de
2746 5117 3247 5204 Monasterio
3326 5117 3435 5216 ad>
3492 5121 4085 5203 monasterium
4145 5143 4403 5204 trans·

1018 5234 1231 5323 ferre
1279 5302 1303 5343 ,
1372 5239 1723 5351 exceptis
1799 5236 2368 5346 Hegumenis,
2420 5260 2503 5338 et
2580 5237 3110 5343 Abbatibus,
3195 5239 3750 5355 omnibusque
3828 5234 4394 5342 officialibus,

1019 5360 1336 5475 quiin
1423 5357 2090 5469 Congregatione
2165 5352 2565 5455 Generali
2613 5422 2635 5457 ,
2712 5381 2857 5463 aut
2937 5357 3618 5471 Hegumenorum
3700 5362 4065 5447 instituti
4135 5380 4327 5443 sunt
4374 5421 4401 5460 ,

1015 5507 1218 5597 quos
1284 5476 1389 5586 ab
1468 5508 1637 5584 uuo
1718 5478 1898 5576 loco
1964 5479 2047 5579 in
2128 5476 2384 5581 alium
2446 5476 2883 5572 transferre
2962 5510 3126 5565 non
3195 5482 3491 5593 poterit
3533 5540 3562 5583 ,
3641 5479 4105 5569 inconsulta
4183 5476 4405 5561 Con·

1009 5600 1477 5710 gregatjone
1557 5599 2298 5710 Hegumenorum.
2369 5594 2756 5707 Quarto,
2837 5631 2984 5714 per
3063 5630 3150 5697 se
3200 5661 3226 5706 ,
3312 5601 3453 5689 vel
3526 5629 3672 5713 per
3742 5600 4113 5689 Abbates
4208 5596 4408 5685 Pro·
