4834 6409
2431 606 2438 613 -
3599 570 3648 628 2
3733 568 3769 626 1

395 698 490 756 ac
534 666 1117 761 ‚Protectorem
1161 657 1791 749 submississime
1827 658 2127 749 invoco
2163 718 2188 764 ,
2228 678 2477 777 atque
2529 685 2775 746 exoro
2800 723 2833 763 ‚
2883 676 3295 781 quatenus
3342 649 3551 745 haec
3601 570 3798 748 ca7u·

392 821 477 877 sa
532 787 692 877 Dei
745 778 1197 870 uullo‘non
1255 803 1623 898 tempore
1671 781 2236 896 potentissime
2279 778 2628 868 ‘suffulta
2679 785 2788 869 sit
2819 845 2844 889 ,
2912 801 2997 873 et
3044 803 3550 899 permaneat.

516 909 616 999 Iu
684 909 925 1021 cujus
976 911 1353 1012 seriem,
1420 927 1503 995 et
1552 901 2113 1017 irrevocabilis
2171 903 2623 993 voluntatis
2702 934 2937 994 meae
3002 903 3632 1011 testimonium,
3701 932 3799 989 ac

392 1028 863 1123 firmitatem
899 1028 1136 1135 „has
1188 1031 1460 1114 literas
1504 1028 1829 1141 propria
1893 1053 2150 1113 manu
2199 1026 2687 1138 subscripsi,
2754 1048 2838 1115 et
2885 1054 3090 1118 meo·
3123 1029 3390 1136 sigillo
3439 1023 3797 1131 munivi,

259 1198 283 1213 ·
393 1174 483 1237 et
545 1148 755 1235 duos
844 1174 1083 1238 testes
1151 1182 1296 1266 pro
1368 1150 1856 1236 simultanea
1922 1149 2445 1262 expeditione
2507 1146 2894 1237 studiose²
2933 1154 3233 1259 rogavi.
3289 1152 3603 1234 Actum
3655 1146 3802 1231 Sa-

393 1272 735 1382 lisburgi
805 1273 884 1355 in
941 1271 1289 1359 aedibus
1352 1272 1935 1381 Wengerianis
2014 1301 2113 1354 ex
2163 1266 2511 1358 adverso
2586 1271 3013 1359 Ecclesiae
3065 1269 3494 1393 quondam
3545 1269 3797 1355 Paro·-

397 1392 682 1478 chialis
731 1394 902 1476 sitis
957 1394 1037 1477 in
1094 1425 1272 1478 mea
1341 1391 1853 1481 habitatione
1903 1419 2143 1503 supra
2197 1418 2358 1481 tres
2422 1393 2675 1479 scalas
2712 1455 2736 1498 ,
2802 1427 2846 1478 a
2908 1416 3281 1511 tempore
3331 1387 3801 1477 salutiferae

393 1513 866 1598 Nativitatis
918 1514 1226 1601 Christi
1279 1510 1418 1601 die
1479 1521 1609 1600 16.
1663 1512 2436 1624 Novembris'anno
2506 1512 2755 1629 1735.
2812 1514 2910 1600 L.
2969 1517 3051 1602 S.
3106 1522 3353 1604 Anna
3403 1509 3799 1597 Theresia

394 1630 735 1718 Glickin
792 1659 980 1721 nata
1061 1636 1779 1748 Laimprucherin.

516 1755 615 1837 T.
677 1756 756 1838 S.
809 1755 1219 1871 Josephus
1264 1755 1776 1843 Wilhelmus
1828 1790 1868 1841 a
1924 1755 2262 1843 Kassern
2319 1755 2398 1840 S.
2454 1753 2711 1843 Celss.
2777 1755 3318 1873 Consiliarius
3384 1752 3734 1847 Aulicus
3769 1815 3794 1858 ,

638 1900 724 1961 et
774 1875 1155 1963 Civitatis
1209 1875 1620 1989 syndicus
1655 1875 2011 1963 nomine
2076 1879 2668 1965 procuratoris.

520 1995 621 2077 T.
681 2002 762 2080 S.
818 1996 1180 2083 Michael
1247 2000 1668 2109 Wengm,
1741 1999 2057 2082 Consul
2128 2003 2349 2085 testis
2402 2022 2757 2110 rogatuS.

522 2116 623 2200 T.
684 2115 764 2199 S.
835 2116 1207 2227 Ignatius
1258 2116 1905 2232 Christophor'ns
1955 2120 2693 2230 MezgeeSenator
2746 2124 2991 2204 testiS.

513 2234 579 2336 S.
662 2265 794 2353 17.
863 2239 1287 2326 Praeterea
1345 2239 1789 2355 saepedicti
1845 2240 2385 2326 Provincialis
2424 2304 2448 2345 ,
2503 2263 2586 2327 et
2636 2238 3127 2329 Conventus
3176 2241 3439 2328 Nobis
3492 2242 3798 2329 humil·
3895 2236 4181 2351 0⁰⁰⁸⁰¹3⁴

399 2359 597 2444 lime
650 2383 1259 2472 exposuerunt,
1324 2362 1676 2479 qualiter
1728 2362 2223 2447 venerabilis
2260 2428 2282 2471 ,
2340 2359 2747 2469 dilectus,
2802 2385 2883 2448 et
2935 2360 3205 2449 fidelis
3255 2362 3796 2450 Consiliarius
3818 2352 3936 2487 {3
3963 2331 4184 2491 ἓξὲξ

400 2504 675 2565 noster
728 2481 1406 2597 EcclesiasticuS,
1471 2481 1832 2590 Marting
1885 2482 2169 2571 Abbas
2232 2481 2597 2571 Michael
2664 2484 3031 2590 Burani,
3098 2515 3422 2571 necnon
3504 2485 3996 2593 Prior,gt01·11
4054 2517 4187 2583 Bu-

399 2624 483 2686 et
546 2599 1033 2686 Conventus
1085 2601 1395 2687 ibidem
1428 2660 1452 2704 ,
1520 2631 2011 2687 consensum
2064 2602 2168 2686 ab
2220 2607 2335 2689 eis
2376 2598 2383 2605 ’
2420 2606 2735 2690 ratione
2786 2603 3134 2690 dominii
3204 2604 3501 2692 directi
3564 2605 3794 2692 debi·
3819 2608 3958 2672 rani
3992 2632 4187 2715 super

400 2742 481 2807 te
545 2724 992 2836 expetitum
1048 2726 1207 2808 sub
1260 2725 1501 2807 certis
1529 2776 1565 2825 ,
1606 2720 2136 2840 honestisque
2188 2721 2809 2812 conditionibus
2861 2728 3482 2840 praestiterint,
3517 2726 3623 2812 ad
3674 2730 3796 2813 in·
3820 2697 4188 2860 auggg,

397 2864 710 2929 tentam
773 2841 1116 2929 domum
1175 2843 1588 2926 Missionis
1642 2845 1722 2926 iu
1778 2842 2144 2960 'quodam
2186 2860 2193 2865 ’
2231 2843 2499 2930 fundo
2573 2878 2721 2962 per
2799 2870 3169 2932 nostrum
3252 2845 3653 2934 dilectum
3717 2873 3801 2936 et
3825 2885 3922 2950 nis
3992 2887 4063 2950 in
4237 2872 4248 2879 “

392 2959 731 3048 fidelem
782 2966 1244 3047 Antonium
1302 2961 1755 3077 Josephum
1796 2960 2226 3053 Placidum
2283 2968 2660 3067 'I'„1·auner
2709 2965 3290 3057 Hundsdorffii
3329 2968 3802 3058 Praefectu-
3827 2978 4154 3069 Binzgaja·

301 3126 307 3131 ·
399 3112 538 3169 rae
588 3103 915 3167 nostrae
965 3083 1627 3169 Taxenbacensis
1703 3085 2110 3173 benevole
2173 3087 2455 3173 oblato
2529 3085 3122 3195 aedificandam
3162 3155 3188 3197 ,
3251 3094 3373 3177 uti
3426 3093 3804 3182 similiter

401 3202 856 3313 patentales
908 3199 1259 3317 desuper
1310 3202 1776 3315 expeditae,
1868 3229 1952 3293 et
2001 3207 2262 3316 Nobis
2342 3214 2427 3296 in
2494 3208 2979 3324 antigrapho
3043 3208 3214 3301 fide
3264 3211 3520 3325 digno
3578 3215 3806 3303 exhi-

400 3320 627 3408 bitae
680 3321 1130 3408 ostendunt
1192 3327 2010 3442 tenoris*sequentis.
2623 3422 2632 3429 ‚
3097 3398 3105 3407 ,

520 3452 595 3547 S.
674 3443 805 3528 18.
874 3442 1046 3530 Nos
1082 3445 1510 3529 ,Martinus
1561 3446 1718 3530 Dei
1753 3451 2032 3555 'gratia
2106 3447 2393 3553 Abbas
2440 3452 2962 3538 Venerabilis
3011 3451 3437 3543 Ecclesiae
3488 3483 3572 3545 et
3619 3458 3802 3546 Mo·

397 3566 730 3652 na'sterii
784 3562 1143 3650 Michael
1199 3565 1469 3650 Burae
1522 3564 1866 3651 Ordinis
1921 3570 2199 3653 Sancti
2255 3572 2517 3657 Patris
2584 3572 3013 3662 Benedicti
3068 3580 3151 3662 in
3209 3573 3800 3669 Archidioece·

395 3690 459 3771 si
513 3686 1110 3795 Salisburgeusi
1163 3688 1504 3795 situati3
1573 3686 1663 3771 P.
1728 3688 2089 3775 Joannes
2143 3690 2501 3808 Baptista
2555 3693 3062 3781 Aichhamer
3108 3732 3187 3813 p.
3246 3725 3297 3785 t.
3345 3696 3582 3788 Prior
3630 3734 3800 3791 una

398 3839 590 3895 cum
648 3828 820 3893 toto
905 3807 1357 3892 Conven'tu
1437 3806 1806 3917 ibidem3
1872 3808 2167 3895 harum
2244 3804 2552 3903 virtute
2634 3846 2788 3929 pro
2850 3816 3163 3928 Nobis,
3229 3826 3527 3909 nostris
3592 3824 3803 3913 Suc·

390 3929 918 4036 nemoribus,
984 3950 1069 4015 et
1146 3928 1579 4031 Ecclesia,
1657 3930 1993 4044 publice
2081 3957 2376 4019 notum
2453 3932 2801 4043 faci-mus
2863 3938 3296 4028 Universis
3347 4010 3377 4048 ,
3437 3933 3803 4063 quorum

398 4052 741 4135 interest
775 4110 800 4154 ,
865 4074 949 4136 et
1013 4047 1321 4163 quibus
1356 4052 1588 4135 scire
1638 4049 2030 4166 expedit,
2096 4057 2452 4171 qualiter
2498 4058 2859 4143 multum
2928 4058 3022 4143 R.
3078 4061 3170 4147 P.
3225 4060 3662 4178 Beniamin
3716 4098 3797 4183 p.

402 4193 461 4254 t.
546 4170 926 4281 Minister
1002 4168 1543 4254 Provincialis
1621 4171 2006 4259 Fratrum
2094 4173 2522 4263 Minorum
2569 4172 3274 4270 ‘Recolleetorum
3341 4187 3801 4299 Superioris

401 4289 949 4378 Alemanniae
998 4288 1351 4402 supplici
1418 4288 1699 4376 libello
1763 4292 2025 4381 Nobis
2093 4302 2616 4412 exposuerit,
2684 4330 2849 4419 qua
2909 4305 3227 4391 ratione
3295 4291 3798 4417 celsissimo,

403 4443 501 4499 ac
579 4407 1299 4496 Reverendissimo
1377 4407 1740 4524 Principi
1820 4414 2191 4502 Domino
2239 4481 2264 4525 ,
2328 4419 2699 4506 Domino
2757 4419 3063 4508 Nostro
3134 4424 3807 4516 Clementissimo

399 4530 874 4647 placuerit,
938 4529 1043 4614 ad
1078 4527 1755 4645 prosequendam
1813 4558 1899 4621 et
1938 4539 2407 4650 augendam
2462 4540 2940 4630 Missionem
3004 4547 3092 4631 iu
3155 4546 3547 4664 Binzgaja
3612 4553 3805 4669 ipsis

403 4652 591 4740 BR:
637 4651 799 4736 ΡΡ.
857 4651 925 4735 F
932 4653 1423 4747 ranciscanis
1479 4654 1931 4761 regularem
2011 4656 2413 4765 domum,
2478 4683 2563 4749 et
2614 4663 3076 4780 cappellam
3140 4666 3223 4752 in
3291 4670 3587 4760 eodem
3654 4673 3807 4760 Di-

400 4780 753 4880 stricta,
822 4773 968 4859 ubi
1057 4775 1330 4860 locum
1388 4777 2007 4864 necessitatibus
2083 4782 2249 4867 suis
2303 4813 2396 4866 ac
2452 4782 2995 4872 commodum
3061 4790 3586 4902 invenerint,
3653 4795 3809 4881 ibi-

403 4892 770 5010 demque
851 4891 1213 4983 fundum
1315 4893 1897 5005 obtinuerint,
1987 4900 2463 5013 erigendam
2557 4904 3037 4995 concedere.
3157 4909 3379 4999 Cum
3459 4918 3804 5036 itaque,

402 5010 654 5126 prout
720 5018 1251 5128 accepimuS,
1319 5038 1793 5130 competens
1872 5018 2185 5107 fundus
2257 5058 2297 5109 a
2384 5047 2662 5111 nostro
2695 5091 2725 5131 ,
2766 5064 2774 5077 ·
2816 5033 3239 5148 nostrique
3321 5028 3817 5125 Monasterii*

397 5131 937 5248 emphyteuta
998 5137 1370 5220 Antonio
1419 5133 1781 5249 Josepho
1852 5141 2189 5229 Placido
2268 5145 2641 5232 Frauner
2711 5146 3161 5239 affectuose
3226 5154 3552 5244 oblatus
3626 5156 3808 5250 fue-

401 5259 586 5358 rit,
651 5277 734 5341 et
817 5254 1040 5339 solus
1103 5264 1549 5340 consensus
1626 5287 1723 5343 ex
1801 5286 2035 5374 parte
2120 5262 2475 5352 dominii
2540 5267 2832 5356 directi
2919 5270 3196 5360 abhuc
3263 5272 3802 5371 desideretur.

398 5378 576 5464 Nos
626 5406 836 5492 opus
911 5372 1654 5460 laudabilissimam
1743 5382 2217 5472 nullatenus
2305 5386 2778 5497 retardare,
2845 5394 3115 5480 multo
3175 5381 3455 5485 minus
3531 5403 3807 5516 impe-

402 5497 585 5587 dit-e
616 5560 639 5603 ,
685 5494 850 5584 sed
904 5520 1313 5617 quantum
1365 5527 1461 5584 ex
1510 5498 1773 5587 Nobis
1823 5526 1947 5590 est
1994 5511 2223 5593 omni
2284 5514 2416 5597 via
2483 5542 2967 5627 promovere
3047 5516 3575 5610 intendentes
3650 5522 3809 5612 hu-

402 5622 536 5735 jus
615 5622 895 5732 vigore
990 5620 1512 5735 impertimur
1590 5650 2085 5714 consensum
2165 5655 2541 5718 nostrum
2635 5637 2719 5717 in
2809 5640 3120 5751 optima
3202 5638 3464 5728 forma
3513 5708 3537 5753 ,
3640 5678 3807 5767 qua

400 5737 932 5830 conformiter
980 5745 1302 5830 statutis
1364 5745 1660 5833 nostris
1724 5746 2385 5880 provincialibus
2452 5756 2851 5872 impertiri
2903 5782 3172 5876 potest
3206 5763 3521 5885 absque
3569 5799 3806 5887 prae·
