4834 6409
1082 472 1259 561 338

1079 593 1569 699 Dominicis,
1622 615 1706 679 et
1772 590 1993 678 festis
2043 595 2868 711 suscipere.-Missam
2919 589 3293 714 quotidie
3354 590 3671 683 audire.
3738 594 3970 680 Feria
4037 619 4252 681 sexta
4291 659 4316 703 ,
4379 621 4465 687 et

1078 739 1365 834 quarta
1428 738 1608 826 post
1663 713 2239 826 vespertinum
2296 714 2697 805 Officium
2752 719 2831 800 in
2891 716 3184 806 cellam
3235 746 3467 808 suam
3520 712 4023 818 secedentes,
4079 719 4459 805 manibus

1080 840 1160 920 in
1216 834 1510 919 Crucis
1560 832 1906 944 figuram
1982 840 2328 925 extensis
2379 837 3275 932 psalmum-‘tilianam
3327 838 3771 954 quinquies
3826 842 4189 923 recitare.
4260 840 4448 925 Non

1077 979 1347 1040 tamen
1404 954 1917 1062 Abbatissae‚
1954 955 2097 1043 sed
2164 956 2587 1043 Sacerdoti
2638 955 3160 1051 confessario
3208 960 3615 1055 rationem
3658 963 4211 1044 comcientiae
4261 993 4455 1047 suae

1078 1074 1482 1178 reddere,
1550 1074 1804 1193 idque
1888 1082 2077 1161 satis
2141 1081 2484 1183 erit,-si
2561 1080 2813 1165 semel
2882 1082 2965 1169 in
3035 1074 3558 1170 hebdomada
3626 1072 3790 1169 fiat.
3860 1077 4296 1171 Silentium
4370 1085 4505 1165 ἰιιἸ

1070 1192 1469 1299 Ecclesia,
1526 1197 1605 1278 in
1660 1196 1942 1282 Mensa
1976 1260 2000 1302 ,
2053 1223 2139 1283 et
2188 1232 2229 1283 a
2283 1200 2852 1314 completorio
2920 1198 3026 1285 ad
3079 1198 3445 1291 Tertiam
3509 1196 3793 1293 horam
3863 1195 4026 1283 diei
4097 1230 4451 1319 sequen-

1069 1318 1168 1401 tis
1220 1314 1659 1427 diligenter
1731 1318 2189 1404 observare.
2235 1319 2332 1405 In
2397 1324 2817 1406 communi
2871 1350 3151 1409 mensa
3233 1320 3666 1413 lectionem
3740 1317 3928 1411 libri
4008 1322 4452 1431 spiritualis

1069 1440 1458 1523 recitare.
1541 1437 1859 1522 Omnes
1935 1435 2298 1557 denique
2354 1440 2757 1553 Regulas‚
2824 1463 2910 1529 et
2958 1442 3615 1531 constitutiones
3672 1437 4169 1546 observare,
4239 1474 4452 1560 quae

1065 1590 1345 1643 carum
1401 1561 1679 1663 sexui,
1745 1581 1829 1642 et
1878 1562 2120 1645 statui
2179 1593 2342 1646 non
2414 1586 2901 1678 repugnant.
2968 1563 3079 1649 X.
3135 1561 3391 1674 Operi
3442 1588 3782 1678 quoque
3875 1590 4272 1647 manuum
4330 1597 4452 1648 as·

1062 1701 1444 1764 suescant
1478 1742 1502 1784 ,
1568 1676 1793 1795 quod
1851 1683 2236 1765 nimirum
2291 1684 2835 1788 Monasterio‚
2886 1707 2975 1770 et
3025 1680 3461 1773 Suu-oribus
3517 1680 3717 1772 utile
3767 1680 3896 1768 sit·
3950 1677 4252 1769 Officia
4308 1717 4448 1769 au-

1062 1820 1225 1884 tem
1280 1830 1429 1913 pro
1478 1799 1969 1883 Monialiutn
2042 1804 2356 1899 viribus
2405 1804 2846 1889 Abbatissa
2896 1865 2921 1908 ,
2987 1831 3071 1893 et
3120 1804 3455 1889 Sorores
3511 1802 3593 1893 in
3644 1799 4053 1893 electione
4107 1801 4449 1890 Officia·

1060 1916 1266 2017 lium
1314 1923 1431 2004 sio
1479 1916 2011 2024 distribuant,
2061 1943 2158 2007 ut
2207 1955 2419 2040 quae
2476 1927 2823 2009 nimium
2878 1925 3275 2015 laboriosa
3329 1943 3548 2033 sunl,
3602 1940 3753 2024 tetz-
3826 1919 3960 2009 Vel
4012 1947 4302 2039 quater
4357 1928 4437 2010 in

1056 2071 1277 2125 anno
1342 2061 1662 2124 mutare
1728 2043 2093 2152 possint,
2156 2066 2243 2128 et
2294 2042 2708 2130 debeant:
2778 2045 3147 2164 alioquin
3216 2041 3503 2129 Abhas
3565 2037 4057 2148 Generalis,
4111 2046 4175 2127 si
4228 2070 4440 2163 quae

1054 2162 1426 2244 oriantur
1493 2163 2061 2249 contentiones
2097 2226 2126 2265 ,
2175 2165 2310 2250 vel
2364 2167 3054 2251 murmurationes
3108 2168 3320 2254 inter
3386 2162 3718 2255 Sorores
3774 2156 3881 2244 de
3953 2168 4442 2271 gravamini-

1051 2279 1211 2379 bus
1264 2277 1818 2385 officiorum,
1873 2286 2356 2371 auctoritate
2427 2318 2570 2373 sua
2622 2282 3056 2399 providere
3132 2281 3482 2399 poterit,
3549 2281 3996 2398 omniaque
4048 2281 4345 2370 Officia
4405 2348 4431 2388 ‚

1048 2424 1373 2515 practer
1433 2400 1927 2489 Abbatissae
1994 2404 2245 2490 solius
2313 2407 2886 2515 Dignitatem,
2940 2418 3286 2495 mutare.
3352 2400 3873 2496 Abbatissam
3942 2426 4216 2488 autem
4303 2438 4441 2491 ne·

1047 2534 1212 2638 que
1263 2522 1601 2608 Sorores
1664 2551 2003 2626 omneS,
2061 2556 2332 2643 neque
2385 2527 2669 2612 Abbas
2735 2526 3165 2612 Generalis
3241 2546 3433 2610 ante
3509 2522 3927 2631 expletum
3982 2525 4434 2610 triennium

1045 2640 1468 2757 deponere
1514 2645 1816 2754 porterit
1878 2643 2190 2764 absque
2242 2648 2682 2764 Episcopi,
2744 2671 2887 2734 aut
2939 2647 3124 2734 thi
3189 2644 3531 2733 Domini
3588 2641 4107 2735 patriarchae
4174 2645 4431 2731 licen·

1039 2764 1178 2848 tia.
1245 2762 1404 2847 XI.
1474 2760 2044 2848 Conse-§sarius
2096 2767 2589 2852 Monialium
2644 2769 2991 2879 eligatur
3065 2766 3172 2853 ab
3226 2764 3558 2855 Abbate
3623 2762 4006 2853 Generali
4049 2825 4074 2870 ,
4128 2768 4277 2884 qui
4329 2769 4436 2853 sit

1039 2881 1440 2981 Sacerdos
1488 2884 1754 2994 gravia
1790 2947 1814 2989 ,
1865 2884 2136 2972 bonae
2186 2885 2505 2994 famae,
2556 2913 2644 2974 et
2715 2910 3154 3001 provectae
3196 2886 3535 2978 aetatis:
3608 2914 3761 2969 nec
3811 2880 4114 2970 audeat
4163 2889 4431 2998 ingre-

1041 3004 1126 3088 di
1177 3035 1468 3104 aarum
1519 3003 2116 3094 Monasterium
2155 3070 2177 3113 ,
2239 3013 2387 3093 nisi
2448 3033 2789 3121 urgente
2856 3010 3363 3109 necessitate,
3412 3029 3496 3090 et
3533 3005 3643 3088 ob
3693 3034 4024 3119 gravem
4076 3006 4429 3121 alicujus

928 3205 932 3209 ,
1036 3120 1602 3215 infirmitatem
1641 3187 1664 3229 ,
1723 3120 1804 3225 et
1858 3158 2290 3245 nunquam
2341 3131 2564 3215 solus
2600 3194 2622 3237 ,
2679 3126 2821 3219 sed
2872 3162 3067 3214 cum
3138 3130 3359 3213 socio
3426 3129 3605 3211 viro
3658 3125 3946 3240 prob0,
4014 3150 4098 3212 et
4163 3151 4428 3211 matu·
4486 3122 4491 3125 .

1034 3276 1171 3330 rae
1224 3248 1536 3346 aetatis,
1584 3248 1752 3362 qui
1785 3246 1890 3331 ab
1956 3255 2137 3361 ejus
2191 3251 2443 3336 latere
2512 3283 2674 3335 non
2747 3248 3076 3337 recedat
3113 3292 3153 3354 ,·
3206 3249 3314 3332 ita
3382 3269 3476 3331 ut
3524 3276 3847 3360 semper
3899 3245 4109 3331 alter
4160 3247 4265 3339 ab
4315 3248 4430 3331 al-

1033 3389 1210 3470 tero
1261 3362 1669 3469 videatur,
1725 3397 1878 3451 nec
1931 3368 2443 3478 ingrediatur
2478 3433 2501 3475 ,
2564 3373 2715 3456 nisi
2767 3403 2957 3463 cum
3021 3369 3222 3457 stola
3296 3397 3545 3479 super
3594 3365 3974 3455 habitum
4032 3366 4420 3454 Mouasti·

1033 3514 1276 3571 cum:
1333 3514 1493 3581 nec
1544 3486 1907 3603 aliquam
1962 3490 2407 3576 Monialem
2464 3495 2788 3598 visitet,
2852 3515 2999 3577 aut
3045 3490 3542 3605 alloquatur,
3597 3484 3743 3579 sed
3793 3490 3899 3571 ab
3958 3487 4423 3591 Abbatissa‚

1028 3608 1160 3707 vel
1218 3612 1398 3721 ejus
1464 3604 1784 3692 Vicaria
1808 3672 1837 3710 ,
1891 3640 2054 3695 una
2107 3642 2298 3699 cum
2351 3610 2681 3698 duabus
2738 3614 2919 3698 aliis
2971 3608 3476 3699 Monialibus
3527 3603 3886 3695 ducatur
3936 3638 4125 3695 cum
4184 3609 4429 3694 Socio

1030 3726 1134 3811 ad
1208 3728 1497 3813 cellam
1555 3728 1735 3835 cius
1767 3790 1795 3832 ,
1862 3759 2076 3846 quae
2128 3757 2460 3842 peccata
2511 3767 2652 3819 sua
2711 3731 3087 3832 confiteri
3118 3794 3147 3833 ,
3197 3730 3334 3817 vel
3389 3730 4015 3823 Sacramentum
4089 3726 4423 3813 Eucha-

1026 3851 1300 3933 ristiae
1336 3911 1359 3953 ,
1415 3870 1498 3932 et
1548 3849 1982 3941 Extremae
2054 3850 2503 3939 Unctionis
2557 3859 2916 3969 recipere
2962 3851 3240 3939 debet.
3322 3848 3726 3965 Reliquae
3798 3847 4315 3934 Sacramenta
4371 3883 4419 3934 a

1019 3973 1355 4083 proprio
1403 3967 1926 4056 Confessario
1982 3975 2376 4087 recipiant
2435 3978 2515 4059 in
2570 3975 2942 4061 Ecclesia
2995 3972 3527 4061 Monasterii:
3600 3965 4263 4087 curandumque,
4326 3994 4422 4056 ut

1021 4089 1469 4176 inducatur
1548 4113 1924 4203 receptus
1997 4123 2169 4177 mos
2206 4156 2230 4198 ,
2287 4095 2432 4178 ubi
2512 4095 2872 4181 necdum
2922 4090 3319 4179 inductus
3387 4113 3507 4176 est
3544 4151 3569 4194 ,
3649 4112 3741 4174 ut
3793 4091 4183 4175 nimirum
4238 4089 4420 4195 Mof

1021 4212 1277 4297 niales
1355 4242 1452 4297 ex
1515 4233 1854 4325 patente
1921 4209 2024 4297 ad
2098 4211 2325 4300 hunc
2408 4212 2838 4302 dumtaxat
2912 4214 3168 4303 finem
3236 4208 3663 4299 fenestella
3727 4211 4412 4317 communicent,

1017 4363 1232 4449 quae
1285 4355 1608 4446 peracta
1664 4332 2285 4419 communione
2351 4335 2819 4422 claudenda
2876 4338 3086 4440 erit,
3148 4334 3570 4447 clavisque
3621 4331 3727 4415 ab
3781 4329 4218 4416 Abbatissa
4272 4365 4417 4415 cu·

1015 4450 1475 4538 stodienda.
1532 4449 2120 4538 Confiteantur
2171 4478 2448 4542 autem
2506 4490 2649 4572 per
2718 4458 3234 4571 interpositas
3304 4473 3588 4539 crates·
3644 4450 3911 4537 Horas
3979 4481 4177 4536 vero
4251 4451 4411 4536 Ca·

1019 4576 1352 4657 nonicas
1423 4605 1519 4658 ex
1569 4570 1853 4656 Choro
1908 4570 2356 4662 decantent
2405 4579 2772 4663 cratibus
2833 4579 3182 4662 munito·
3236 4571 3439 4657 XII.
3508 4571 3866 4658 Curabit
3919 4571 4206 4657 Abbas
4245 4572 4413 4659 Ge-

1019 4693 1365 4799 neraliS,
1433 4717 1527 4779 ut
1577 4695 1876 4810 quovis
1957 4698 2312 4781 triennio
2365 4698 2935 4786 confessarius
3008 4693 3477 4782 ordinarius
3546 4714 3975 4793 mutetur,
4038 4715 4123 4778 et
4194 4692 4401 4781 alter

1010 4816 1094 4896 in
1148 4818 1329 4927 ejus
1400 4812 1679 4900 locum
1731 4812 2147 4900 succedat.
2218 4818 2624 4927 Quolibet
2688 4843 2967 4905 autem
3025 4845 3254 4902 anno
3320 4816 3513 4926 ipsis
3576 4811 4085 4897 Monialibus
4150 4835 4408 4900 extra-

1009 4930 1481 5019 ordinarius
1562 4931 2134 5021 Confessarius
2185 4966 2479 5057 qnater
2530 4940 3014 5027 exhibeatur
3061 5001 3090 5040 ,
3154 4937 3299 5054 qui
3366 4937 3743 5019 omnium
3825 4929 4402 5021 Confessiones

1009 5051 1299 5141 audire
1339 5058 1610 5170 possit.
1653 5053 1918 5137 X111.-
1953 5057 2130 5142 Nisi
2185 5061 2266 5143 in
2322 5061 2828 5147 Mon-asterio
2876 5063 3069 5163 sint,
3122 5066 3336 5173 quae
3386 5054 3581 5140 alias
3631 5052 4034 5139 Moniales
4083 5053 4406 5163 legere,

1004 5176 1415 5280 scribere,
1480 5201 1567 5264 et
1630 5174 1871 5260 horas
1941 5175 2410 5267 Canonicas
2481 5205 2864 5287 cantare,
2931 5177 3245 5265 docere·
3304 5178 3670 5288 possint,
3737 5174 3911 5287 ipse
3972 5170 4404 5261 confessa.

1004 5298 1175 5381 rius
1239 5319 1461 5382 extra
1514 5297 1824 5385 ostium
1893 5303 2376 5387 Monasterii
2439 5301 2736 5389 sedens
2800 5299 2886 5386 id
2937 5306 3346 5414 praestare
3396 5297 3765 5409 poterit,
3819 5315 4177 5412 quatuor
4244 5296 4401 5379 sal-

1000 5438 1206 5503 tem·
1256 5416 1765 5502 Monialibus
1830 5422 2423 5529 praesentibus.
2491 5423 2730 5506 XIV.
2801 5423 2987 5507 Etsi
3052 5413 3517 5506 curandum
3589 5419 3755 5517 sit,
3822 5440 3917 5502 ut
3995 5413 4403 5502 Moniales

997 5563 1220 5626 extra
1283 5559 1506 5651 septa
1573 5541 2056 5624 Monasterii
2147 5570 2579 5661 nunquam
2653 5541 3179 5657 egrediantur
3222 5573 3245 5648 3
3295 5542 3492 5654 quia
3569 5559 3841 5622 tamen
3910 5531 3998 5619 id
4078 5534 4395 5652 ubique

998 5654 1436 5747 commode
1484 5657 1846 5744 obtineri
1912 5689 2074 5745 non
2131 5687 2459 5780 potest,
2514 5690 2810 5757 curent
2854 5663 3176 5767 saltem,
3212 5682 3308 5744 ut
3356 5657 3458 5746 ad
3496 5658 4046 5775 possessiones
4096 5656 4399 5745 Mona-
