4834 6409
371 665 861 782 retrahunt3
950 701 1047 762 ac
1126 683 1612 779 morantur-3
1673 699 1765 759 ea
1827 669 2268 789 praecipua
2319 668 2481 780 sit3
2541 660 2988 756 difficultas
3062 665 3377 759 scilicet
3411 727 3437 775 ,
3499 695 3756 785 quam

276 883 279 886 ,
376 798 596 882 uniti
693 797 1230 914 experiuntur
1304 799 1387 881 in
1471 790 2056 907 recuperandis
2130 791 2435 899 bonis,
2530 821 2743 908 quae
2834 810 3001 874 tam
3064 813 3255 879 ante
3332 789 3750 894 schisma,

379 941 635 1033 quam
686 938 1061 1031 tempore
1137 912 1594 1001 schismatis
1642 910 2174 1030 possidebant
2208 974 2233 1018 ,
2293 937 2378 998 et
2460 933 2558 997 ut
2602 910 3059 1027 plurimum
3122 932 3523 1027 occupata
3561 972 3589 1017 ,
3656 942 3755 999 ac

375 1036 499 1123 eis
542 1035 951 1123 violenter
1010 1059 1287 1150 erepta
1336 1057 1533 1122 sunt
1568 1095 1592 1140 ‚
1658 1032 1969 1120 nedum
2023 1047 2211 1119 ante
2276 1033 2600 1147 lapsum
2630 1092 2655 1135 ‚
2720 1025 2866 1117 sed
2916 1030 3182 1116 etiam·
3215 1053 3587 1147 tempore
3634 1031 3751 1121 la-

375 1185 579 1271 psus
626 1158 714 1239 in
777 1152 1127 1243 schisma
1180 1154 1696 1270 praedictum
1751 1217 1774 1260 ,
1842 1154 2175 1267 cupiant
2243 1182 2348 1240 ue
2434 1150 3056 1264 Archiepiscopi
3096 1215 3120 1257 ‚
3187 1176 3272 1239 et
3342 1154 3740 1269 Episcopi

371 1269 778 1389 praedicti
826 1273 1312 1390 hujusmodi
1391 1271 2081 1390 impedimentum
2134 1185 2263 1384 ad,
2300 1268 2789 1357 eorumdem
2856 1268 3567 1360 schismaticorum
3631 1305 3756 1362 re·

378 1389 862 1480 ductionem
924 1392 1246 1480 facilius
1295 1390 1837 1481 obtinendam
1897 1392 2266 1479 amoveri
2303 1454 2334 1495 ,
2394 1416 2479 1477 et
2537 1412 3005 1504 opportune
3054 1394 3139 1476 in
3191 1396 3654 1506 praemissis
3704 1427 3750 1480 a

375 1510 649 1599 Nobis
696 1510 1139 1628 provideri.
1205 1513 1378 1603 Nos
1427 1516 1926 1601 Animarum
1978 1514 2221 1598 saluti
2254 1575 2285 1615 ,
2348 1533 2760 1628 quantum
2813 1541 3007 1594 cum
3054 1510 3426 1600 Domino
3473 1545 3755 1630 possu·
3813 1509 3820 1516 ’

373 1661 570 1719 mus
637 1633 1126 1739 consulere,
1186 1636 1721 1754 ipsorumque
1781 1632 2616 1749 Archiepiscoporum
2649 1693 2674 1737 ‚
2740 1651 2824 1750 et
2885 1630 3493 1746 Episcoporum
3543 1636 3756 1723 votis

254 1805 262 1814 -
375 1749 540 1839 bac
591 1755 676 1838 in
729 1784 829 1841 re
866 1752 1427 1842 favorabiliter
1483 1783 1850 1840 annuere
1914 1757 2340 1867 cupientes
2374 1814 2401 1859 ‚
2481 1753 2638 1837 nec
2688 1775 2859 1859 non
2909 1749 3429 1865 praedictum
3493 1754 3757 1842 Bene·

381 1867 710 1960 dictum
758 1906 805 1959 a
877 1875 1310 1995 quibusvis
1400 1875 2268 1961 excommunicationis
2304 1934 2329 1979 ,
2408 1872 3029 1986 suspensionis,
3092 1895 3176 1959 et
3256 1873 3756 1983 interdicti,

383 1990 736 2111 aliisque
783 1993 1383 2082 Ecclesiasticis
1431 1996 1886 2101 sententiis,
1952 1995 2323 2080 censuris
2358 2054 2383 2100 ‚
2450 2013 2535 2080 et
2579 1991 2870 2105 poenis
2918 2022 2963 2076 a
3012 1996 3199 2107 jure
3248 1995 3384 2081 vel
3435 1995 3542 2081 ab
3611 1995 3758 2085 ho-

373 2112 606 2200 mine
671 2117 964 2233 quavis
1013 2117 1442 2202 occasione
1473 2177 1497 2222 ‚
1562 2114 1699 2202 vel
1750 2145 1989 2200 causa
2049 2114 2233 2200 latis
2269 2178 2295 2223 ,
2365 2114 2434 2199 si
2482 2110 2790 2230 quibus
2840 2111 3473 2231 quomodolibet
3520 2117 3758 2204 inno·

374 2227 620 2345 datus
682 2236 952 2320 existit
1020 2232 1126 2319 ad
1174 2231 2176 2351 effectumxpraesentium
2223 2232 2657 2319 dumtaxat
2718 2233 3401 2352 consequendum
3456 2234 3755 2324 harum
3797 2225 3826 2236 ”

375 2353 591 2438 serie
641 2352 1155 2440 absolventes
1189 2416 1214 2461 ,
1279 2377 1364 2442 et
1447 2355 1922 2441 absolutum
1987 2351 2171 2442 fore
2257 2373 2686 2441 censentes
2719 2414 2745 2457 ‚
2811 2354 3558 2467 supplicationibus
3620 2347 3756 2445 eo'-‘

232 2571 237 2576 ,
371 2466 761 2558 rumdem
809 2472 1642 2590 Archiepiscoporum
1676 2538 1700 2580 ,
1766 2497 1853 2562 et
1898 2474 2508 2592 Episcoporum
2556 2475 2898 2559 nomine
2956 2471 3219 2560 Nobis
3281 2467 3752 2592 super'boc

367 2586 800 2700 humiliter
856 2598 1252 2708 porrectis
1302 2595 1678 2681 inclinati
1715 2655 1738 2701 ,
1806 2592 1916 2681 de
1976 2596 2574 2680 nonnullorum
2641 2623 2739 2680 ex
2786 2592 3427 2682 venerabilibus
3485 2595 3753 2684 'fratri‘-

363 2707 530 2795 bus
590 2709 937 2824 Nostris„
974 2714 1054 2797 S.
1113 2714 1208 2799 R.
1282 2715 1390 2798 E.
1446 2712 2036 2801 cardinalibus
2118 2712 2804 2825 Congregationis
2863 2714 3442 2829 propagandae
3508 2715 3751 2805 Fidei

362 2833 735 2942 negotiis
777 2838 1288 2949 praepositae
1350 2857 1601 2951 super
1661 2834 1909 2921 rebus
1972 2832 2558 2921 Ruthenorum
2638 2828 3256 2948 Deputatorum
3321 2839 3683 2930 'consilio
3711 2862 3752 2945 ,'
3776 2864 4114 2932 Concessio

371 2971 472 3035 ut
518 2954 739 3036 uniti
791 2983 985 3038 cum
1036 2945 1326 3068 eadem
1377 2956 1456 3040 S.
1492 2954 1607 3039 R.
1660 2955 1764 3039 E.
1821 2957 1993 3042 sive
2056 2949 2342 3058 Laici,
2425 2951 2601 3037 sive
2667 2949 2974 3038 Clerici
3017 2953 3482 3067 'Regulares
3521 3022 3546 3064 ,
3615 2947 4140 3062 vglpraedictaa

375 3068 852 3174 Saeculares
914 3076 1280 3185 cujusvis
1341 3093 1594 3162 sta'tu‘s
1625 3135 1649 3180 ,
1687 3071 1991 3185 gradus
2026 3137 2051 3185 ‚
2092 3097 2177 3161 et
2233 3070 2544 3160 ordinis
2573 3131 2598 3178 ‚
2664 3074 2918 3158 etia'm
2949 3073 3481 3191 'Episcopazlis
3521 3139 3543 3185 ,
3603 3082 3748 3168 vel
4131 3067 4138 3076 ’

367 3184 872 3275 conditionis
922 3187 1280 3308 fuerint,
1321 3195 1594 3282 omnia
1646 3194 1910 3304 bona,
1976 3189 2190 3313 q'uae
2238 3192 2345 3280 ad
2395 3187 2538 3280 e‘os
2583 3195 2754 3276 t'am
2803 3215 2996 3281 ante
3047 3194 3397 3284 schisma
3429 3262 3455 3302 ‚
3494 3231 3750 3317 quam

366 3306 1034 3423 ‹so-perdurante
1084 3313 1278 3399 alias
1342 3312 1707 3424 legitime
1746 3307 2390 3429 pertinebant,
2459 3342 2556 3398 ac
2621 3312 2932 3430 quibus
3013 3317 3269 3402 etiam
3342 3317 3752 3409 violenter

368 3427 699 3543 spoliati
763 3425 1130 3541 fuerunt,
1184 3451 1671 3551 recuperat-e
1707 3498 1732 3541 ‚
1766 3457 1848 3521 et
1914 3432 2335 3551 possidere
2370 3496 2395 3542 ‚
2448 3432 2780 3549 illisque
2824 3429 3045 3542 frui,
3110 3440 3262 3522 uti'
3298 3461 3382 3523 et
3415 3440 3754 3550 'gaude-

362 3561 464 3633 re
530 3547 844 3658 libere,
895 3575 989 3639 et:
1034 3554 1263 3641 licite
1309 3557 1678 3671 possint:
1749 3549 1963 3674 quin
2004 3559 2094 3641 in
2145 3552 2526 3642 futurum
2564 3581 2682 3638 ex
2727 3561 2969 3640 ca‘usa
3032 3554 3435 3671 praedicti
3498 3560 3754 3648 echis-1

365 3670 668 3776 matis,
731 3672 870 3760 vel
904 3677 1213 3792 quovis
1272 3675 1430 3760 sub
1478 3699 1907 3794 praetextu
1967 3675 2216 3763 alicui
2278 3676 2529 3760 liceat
2572 3671 2993 3760 bonorum
3043 3676 3450 3793 ejusmodi
3518 3715 3750 3769 recu-

361 3790 941 3904 perationem,
1002 3795 1531 3913 illorumque¹
1583 3794 2014 3911 pacificam
2072 3796 2668 3911 possessionem
2708 3856 2734 3899 ‚
2800 3818 2884 3881 et
2943 3828 3190 3883 usum
3241 3803 3442 3916 ipsis·
3495 3807 3752 3890 unitis

365 3913 716 4027 q'uoquo
773 3910 1026 3999 modo
1080 3913 1544 4030 impedire,
1601 3918 2051 4036 minusque
2126 3912 2422 4001 eadem
2486 3912 2708 3999 bona
2772 3915 2858 4000 in
2933 3916 3265 4006 illorum
3331 3924 3749 4037 praejudi-

373 4029 601 4113 cium
636 4029 1006 4146 retinere
1064 4038 1553 4126 auctoritate
1621 4037 2095 4151 Apostolica
2144 4058 2436 4124 tenore
2482 4039 3044 4149 praesentium
3109 4033 3750 4138 misericorditer

367 4148 460 4231 in
502 4145 897 4260 'Domino
964 4153 1496 4241 concedimus
1531 4191 1581 4267 3·
1622 4179 1707 4242 et
1755 4153 2311 4267 indulgemus.
2671 4217 2675 4226 -
2751 4193 2758 4204 ·
2837 4201 2846 4208 ·

382 4274 433 4302 ·’
490 4276 565 4371 §-
635 4301 713 4353 α.
773 4270 1338 4359 Decernentes
1405 4272 1734 4362 easdem
1779 4300 2248 4391 praesentes
2296 4277 2574 4362 literas
2633 4271 2911 4363 firmas
2948 4339 2972 4385 ,
3036 4278 3407 4391 validas,
3473 4309 3557 4373 et
3626 4288 3748 4379 ef-

367 4378 666 4506 ficaces
723 4391 1062 4476 existere
1095 4455 1127 4496 ,
1190 4414 1273 4479 et
1320 4391 1498 4479 fore
1545 4455 1572 4501 ,
1636 4389 1996 4515 suosque
2054 4398 2542 4513 plenarios,
2607 4418 2692 4481 et
2741 4399 3098 4509 integros
3159 4400 3510 4491 effectus
3573 4441 3746 4498 sor-
3801 4462 3808 4469 ·

369 4505 701 4611 tiri‚-et
750 4508 1176 4620 obtinere,
1245 4544 1340 4601 ac
1401 4512 1621 4621 illis;
1709 4511 1816 4600 ad
1865 4545 2073 4635 quos
2133 4538 2499 4633 spectat,
2565 4521 2649 4603 e't
2695 4547 2849 4630 pro
2899 4541 3270 4634 tempore
3330 4529 3744 4642 spectabit

364 4625 459 4708 in
505 4621 880 4715 futurum
929 4632 1403 4746 plenissime
1444 4629 1869 4746 suffragari
1899 4699 1927 4743 ‚
1989 4660 2073 4723 et
2117 4638 2224 4723 ab
2274 4639 2390 4724 eis
2455 4639 2908 4751 respective
2956 4640 3544 4744 inviolabiliter
3591 4653 3784 4756 obs

366 4750 718 4834 servari:
787 4751 1073 4871 sicque
1134 4757 1220 4839 in
1287 4751 1750 4871 praemissis
1797 4783 1948 4870 per
1996 4786 2573 4878 quoscumque
2625 4754 2974 4845 Iudices
3048 4760 3596 4878 ordinarios,
3665 4795 3754 4861 e}
3863 4841 3872 4854 .

364 4861 869 4986 Delegatos,
932 4875 1181 4988 etjam
1218 4872 1677 4961 Causarum
1719 4871 2008 4962 Palatii
2063 4877 2520 4990 Apostolici
2571 4874 3019 4967 Auditores
3057 4943 3081 4987 ‚
3134 4914 3230 4970 ac
3280 4881 3553 4975 dictae
3606 4889 3749 4979 Sess

369 4978 501 5069 dis
559 4981 934 5076 Nuncios
969 5055 999 5096 ,
1060 4989 1479 5114 judicari,
1540 4987 1628 5081 et
1684 4989 2024 5082 'definiri
2109 4995 2469 5092 debere:
2544 5003 2641 5082 ac'
2715 4999 3038 5087 irritum
3077 5005 3152 5108 ,I.
3196 5009 3590 5106 etsinane
3661 5015 3749 5104 vsi

366 5131 605 5222 secus
662 5139 913 5226 super
959 5108 1088 5196 his
1136 5119 1993 5238 a‘quoquamquavis
2043 5116 2530 5206 auctoritate
2599 5119 3014 5228 scientem
3079 5123 3749 5238 vel‘gignorantet·

369 5230 809 5339 contigerit
858 5236 1264 5317 attentari.
3002 5305 3011 5316 .
3161 5247 3168 5256 '
3248 5243 3292 5290 “⁵'-
3387 5289 3392 5296 ·
3465 5309 3474 5320 .

370 5377 421 5408 ··
460 5350 703 5454 §.2:3.
772 5335 963 5464 Non
1048 5349 1577 5476 obstantibus
1632 5360 2088 5466 praemissis
2126 5422 2149 5463 ,
2216 5389 2310 5444 ac
2369 5359 2809 5478 quibusvis
2889 5364 3443 5480 ApostolIcis,
3509 5393 3595 5457 et
3654 5373 3747 5460 in'

362 5457 921 5582 synodali-bus
945 5535 975 5576 ,
1025 5470 1907 5596 provincialiBusque,
1972 5500 2059 5566 et
2102 5477 2745 5570 Universalibus
2791 5483 3202 5572 Conciliis
3264 5483 3516 5577 editis·
3569 5523 3751 5609 spe-

371 5586 715 5797 cialibps
745 5615 799 5697 ‚··
848 5591 981 5802 {5¹
1029 5596 1552 5708 generalibus
1600 5592 2399 5710 Constitutionibus,
2469 5623 2554 5692 et
2606 5603 3364 5720 ordinationibus,
3428 5612 3752 5728 legibus

366 5735 1143 5802 ···om.⁴z
1622 5757 1633 5778 ·
2793 5724 2880 5814 Η

3773 4000 4135 4084 Clausulas.
