<?xml version="1.0" encoding="UTF-8"?>
<!DOCTYPE html PUBLIC "-//W3C//DTD XHTML 1.0 Transitional//EN"
    "http://www.w3.org/TR/xhtml1/DTD/xhtml1-transitional.dtd">
<html xmlns="http://www.w3.org/1999/xhtml" xml:lang="en" lang="en">
 <head>
  <title>
</title>
<meta http-equiv="Content-Type" content="text/html;charset=utf-8" />
  <meta name='ocr-system' content='tesseract 3.04.00' />
  <meta name='ocr-capabilities' content='ocr_page ocr_carea ocr_par ocr_line ocrx_word'/>
</head>
<body>
  <div class='ocr_page' id='page_1' title='image "./bullariumpontif00fidegoog_0099.png"; bbox 0 0 4834 6409; ppageno 0'>
   <div class='ocr_carea' id='block_1_1' title="bbox 412 521 4194 5562">
    <p class='ocr_par' dir='ltr' id='par_1_1' title="bbox 412 521 3794 769">
     <span class='ocr_line' id='line_1_1' title="bbox 412 521 3794 655; baseline -0.007 -31"><span class='ocrx_word' id='word_1_1' title='bbox 412 534 731 655; x_wconf 80' lang='lat' dir='ltr'>possint</span> <span class='ocrx_word' id='word_1_2' title='bbox 774 555 863 623; x_wconf 87' lang='lat' dir='ltr'>et</span> <span class='ocrx_word' id='word_1_3' title='bbox 906 531 1302 644; x_wconf 66' lang='lat' dir='ltr'>valeant,</span> <span class='ocrx_word' id='word_1_4' title='bbox 1353 528 1845 619; x_wconf 85' lang='lat' dir='ltr'>auctoritate</span> <span class='ocrx_word' id='word_1_5' title='bbox 1892 528 2369 647; x_wconf 81' lang='lat' dir='ltr'>Apostolica</span> <span class='ocrx_word' id='word_1_6' title='bbox 2418 544 2706 615; x_wconf 88' lang='lat' dir='ltr'>tenore</span> <span class='ocrx_word' id='word_1_7' title='bbox 2750 521 3316 646; x_wconf 80' lang='lat' dir='ltr'>praesentium</span> <span class='ocrx_word' id='word_1_8' title='bbox 3389 534 3794 634; x_wconf 88' lang='lat' dir='ltr'>perpetuo</span> 
     </span>
     <span class='ocr_line' id='line_1_2' title="bbox 414 652 3762 769; baseline -0.014 -23"><span class='ocrx_word' id='word_1_9' title='bbox 414 660 809 769; x_wconf 80' lang='lat' dir='ltr'>erigimus</span> <span class='ocrx_word' id='word_1_10' title='bbox 852 674 940 743; x_wconf 79' lang='lat' dir='ltr'>&#39;et</span> <span class='ocrx_word' id='word_1_11' title='bbox 987 654 1523 749; x_wconf 77' lang='lat' dir='ltr'><strong>instituimus,</strong></span> <span class='ocrx_word' id='word_1_12' title='bbox 2394 686 2401 694; x_wconf 93' lang='lat'><strong>·</strong></span> <span class='ocrx_word' id='word_1_13' title='bbox 3189 652 3196 658; x_wconf 89' lang='lat'><strong>·</strong></span> <span class='ocrx_word' id='word_1_14' title='bbox 3369 707 3380 713; x_wconf 77' lang='grc'>,</span> <span class='ocrx_word' id='word_1_15' title='bbox 3723 657 3762 698; x_wconf 60' lang='lat'>‚22</span> 
     </span>
    </p>

    <p class='ocr_par' dir='ltr' id='par_1_2' title="bbox 416 754 4194 1487">
     <span class='ocr_line' id='line_1_3' title="bbox 534 754 4048 888; baseline -0.006 -27"><span class='ocrx_word' id='word_1_16' title='bbox 534 779 604 878; x_wconf 82' lang='lat' dir='ltr'>S.</span> <span class='ocrx_word' id='word_1_17' title='bbox 662 779 752 862; x_wconf 56' lang='lat'>⁸2.</span> <span class='ocrx_word' id='word_1_18' title='bbox 820 775 1249 861; x_wconf 87' lang='lat' dir='ltr'>Praeterea</span> <span class='ocrx_word' id='word_1_19' title='bbox 1287 836 1311 879; x_wconf 88' lang='lat'>,</span> <span class='ocrx_word' id='word_1_20' title='bbox 1398 793 1500 856; x_wconf 87' lang='lat' dir='ltr'>ut</span> <span class='ocrx_word' id='word_1_21' title='bbox 1545 766 1936 886; x_wconf 87' lang='lat' dir='ltr'>Capitula</span> <span class='ocrx_word' id='word_1_22' title='bbox 1988 766 2544 857; x_wconf 79' lang='lat' dir='ltr'>provincialia</span> <span class='ocrx_word' id='word_1_23' title='bbox 2625 762 3114 853; x_wconf 80' lang='lat' dir='ltr'>Provinciae</span> <span class='ocrx_word' id='word_1_24' title='bbox 3147 821 3174 867; x_wconf 89' lang='lat'><strong><em>‚</em></strong></span> <span class='ocrx_word' id='word_1_25' title='bbox 3223 761 3376 846; x_wconf 85' lang='lat' dir='ltr'>-sic</span> <span class='ocrx_word' id='word_1_26' title='bbox 3435 791 3479 845; x_wconf 86' lang='lat' dir='ltr'>a</span> <span class='ocrx_word' id='word_1_27' title='bbox 3527 754 3798 842; x_wconf 86' lang='lat' dir='ltr'>Nobis</span> <span class='ocrx_word' id='word_1_28' title='bbox 4032 867 4048 888; x_wconf 91' lang='lat'>.</span> 
     </span>
     <span class='ocr_line' id='line_1_4' title="bbox 416 869 4192 998; baseline -0.007 -14"><span class='ocrx_word' id='word_1_29' title='bbox 416 919 743 985; x_wconf 77' lang='lat' dir='ltr'>erectae</span> <span class='ocrx_word' id='word_1_30' title='bbox 793 917 880 983; x_wconf 88' lang='lat' dir='ltr'>et</span> <span class='ocrx_word' id='word_1_31' title='bbox 944 895 1419 998; x_wconf 85' lang='lat' dir='ltr'>institutae,</span> <span class='ocrx_word' id='word_1_32' title='bbox 1485 892 1924 978; x_wconf 84' lang='lat' dir='ltr'>triennalia</span> <span class='ocrx_word' id='word_1_33' title='bbox 1996 893 2219 997; x_wconf 88' lang='lat' dir='ltr'>sint,</span> <span class='ocrx_word' id='word_1_34' title='bbox 2307 911 2394 976; x_wconf 91' lang='lat' dir='ltr'>et</span> <span class='ocrx_word' id='word_1_35' title='bbox 2449 887 2814 976; x_wconf 89' lang='lat' dir='ltr'>Discreti</span> <span class='ocrx_word' id='word_1_36' title='bbox 2900 913 3068 968; x_wconf 91' lang='lat' dir='ltr'>non</span> <span class='ocrx_word' id='word_1_37' title='bbox 3121 880 3599 993; x_wconf 73' lang='lat' dir='ltr'>eligantur,</span> <span class='ocrx_word' id='word_1_38' title='bbox 3649 872 3799 964; x_wconf 89' lang='lat' dir='ltr'>sed</span> <span class='ocrx_word' id='word_1_39' title='bbox 3892 869 4192 983; x_wconf 70' lang='lat' dir='ltr'>Gapntula</span> 
     </span>
     <span class='ocr_line' id='line_1_5' title="bbox 423 986 4194 1202; baseline -0.005 -100"><span class='ocrx_word' id='word_1_40' title='bbox 423 1013 531 1102; x_wconf 88' lang='lat' dir='ltr'>ad</span> <span class='ocrx_word' id='word_1_41' title='bbox 583 1016 1074 1103; x_wconf 83' lang='lat' dir='ltr'>electionem</span> <span class='ocrx_word' id='word_1_42' title='bbox 1122 1011 1487 1099; x_wconf 90' lang='lat' dir='ltr'>Ministri</span> <span class='ocrx_word' id='word_1_43' title='bbox 1535 1010 2074 1099; x_wconf 86' lang='lat' dir='ltr'>Provincialis</span> <span class='ocrx_word' id='word_1_44' title='bbox 2104 1074 2128 1118; x_wconf 89' lang='lat'>,</span> <span class='ocrx_word' id='word_1_45' title='bbox 2166 1032 2250 1096; x_wconf 90' lang='lat' dir='ltr'>et</span> <span class='ocrx_word' id='word_1_46' title='bbox 2296 1006 2862 1096; x_wconf 88' lang='lat' dir='ltr'>Definitorum</span> <span class='ocrx_word' id='word_1_47' title='bbox 2912 1000 3205 1090; x_wconf 90' lang='lat' dir='ltr'>eodem</span> <span class='ocrx_word' id='word_1_48' title='bbox 3257 997 3513 1087; x_wconf 88' lang='lat' dir='ltr'>modo</span> <span class='ocrx_word' id='word_1_49' title='bbox 3547 1057 3574 1104; x_wconf 89' lang='lat'>,</span> <span class='ocrx_word' id='word_1_50' title='bbox 3623 1028 3800 1202; x_wconf 67' lang='lat' dir='ltr'>quo</span> <span class='ocrx_word' id='word_1_51' title='bbox 3828 986 4194 1127; x_wconf 45' lang='grc' dir='ltr'>ξξζζΐαῗὴ..</span> 
     </span>
     <span class='ocr_line' id='line_1_6' title="bbox 432 1121 3801 1245; baseline -0.005 -24"><span class='ocrx_word' id='word_1_52' title='bbox 432 1158 709 1222; x_wconf 88' lang='lat' dir='ltr'>custos</span> <span class='ocrx_word' id='word_1_53' title='bbox 759 1156 845 1220; x_wconf 92' lang='lat' dir='ltr'>et</span> <span class='ocrx_word' id='word_1_54' title='bbox 890 1132 1398 1220; x_wconf 78' lang='lat' dir='ltr'>consultores</span> <span class='ocrx_word' id='word_1_55' title='bbox 1433 1129 1797 1218; x_wconf 87' lang='lat' dir='ltr'>&#39;antehac</span> <span class='ocrx_word' id='word_1_56' title='bbox 1844 1133 2082 1221; x_wconf 88' lang='lat' dir='ltr'>electi</span> <span class='ocrx_word' id='word_1_57' title='bbox 2136 1128 2532 1237; x_wconf 88' lang='lat' dir='ltr'>fuerunt,</span> <span class='ocrx_word' id='word_1_58' title='bbox 2616 1121 3166 1245; x_wconf 83' lang='lat' dir='ltr'>procedatur,</span> <span class='ocrx_word' id='word_1_59' title='bbox 3231 1129 3562 1208; x_wconf 81' lang='lat' dir='ltr'>necnon</span> <span class='ocrx_word' id='word_1_60' title='bbox 3688 1148 3801 1203; x_wconf 93' lang='lat' dir='ltr'>uo</span> 
     </span>
     <span class='ocr_line' id='line_1_7' title="bbox 438 1235 3802 1367; baseline -0.005 -26"><span class='ocrx_word' id='word_1_61' title='bbox 438 1251 820 1341; x_wconf 85' lang='lat' dir='ltr'>custodes</span> <span class='ocrx_word' id='word_1_62' title='bbox 868 1284 1022 1367; x_wconf 89' lang='lat' dir='ltr'>pro</span> <span class='ocrx_word' id='word_1_63' title='bbox 1048 1250 1437 1367; x_wconf 83' lang='lat' dir='ltr'>Capitulo</span> <span class='ocrx_word' id='word_1_64' title='bbox 1474 1247 1864 1338; x_wconf 88' lang='lat' dir='ltr'>Generali</span> <span class='ocrx_word' id='word_1_65' title='bbox 1918 1252 2357 1362; x_wconf 85' lang='lat' dir='ltr'>eligantur,</span> <span class='ocrx_word' id='word_1_66' title='bbox 2392 1251 2877 1337; x_wconf 87' lang='lat' dir='ltr'>auctoritate</span> <span class='ocrx_word' id='word_1_67' title='bbox 2925 1267 3010 1331; x_wconf 90' lang='lat' dir='ltr'>et</span> <span class='ocrx_word' id='word_1_68' title='bbox 3042 1265 3329 1331; x_wconf 88' lang='lat' dir='ltr'>tenore</span> <span class='ocrx_word' id='word_1_69' title='bbox 3363 1235 3802 1357; x_wconf 86' lang='lat' dir='ltr'>praedictis</span> 
     </span>
     <span class='ocr_line' id='line_1_8' title="bbox 433 1369 2294 1487; baseline -0.001 -28"><span class='ocrx_word' id='word_1_70' title='bbox 433 1379 872 1461; x_wconf 79' lang='lat' dir='ltr'>statuimus</span> <span class='ocrx_word' id='word_1_71' title='bbox 921 1404 1017 1458; x_wconf 88' lang='lat' dir='ltr'>ac</span> <span class='ocrx_word' id='word_1_72' title='bbox 1065 1373 1616 1487; x_wconf 87' lang='lat' dir='ltr'>praecipimus</span> <span class='ocrx_word' id='word_1_73' title='bbox 1663 1394 1747 1457; x_wconf 86' lang='lat' dir='ltr'>et</span> <span class='ocrx_word' id='word_1_74' title='bbox 1795 1369 2294 1457; x_wconf 81' lang='lat' dir='ltr'>ordinamus.</span> 
     </span>
    </p>

    <p class='ocr_par' dir='ltr' id='par_1_3' title="bbox 464 1479 3807 1601">
     <span class='ocr_line' id='line_1_9' title="bbox 464 1479 3807 1601; baseline -0.004 -24"><span class='ocrx_word' id='word_1_75' title='bbox 464 1515 469 1522; x_wconf 82' lang='lat'>·</span> <span class='ocrx_word' id='word_1_76' title='bbox 542 1504 615 1601; x_wconf 83' lang='lat'>§.</span> <span class='ocrx_word' id='word_1_77' title='bbox 683 1493 769 1577; x_wconf 80' lang='lat'>3.</span> <span class='ocrx_word' id='word_1_78' title='bbox 833 1491 1092 1578; x_wconf 91' lang='lat' dir='ltr'>Porro</span> <span class='ocrx_word' id='word_1_79' title='bbox 1138 1481 1412 1577; x_wconf 84' lang='lat' dir='ltr'>eidem</span> <span class='ocrx_word' id='word_1_80' title='bbox 1463 1521 1727 1578; x_wconf 89' lang='lat' dir='ltr'>novae</span> <span class='ocrx_word' id='word_1_81' title='bbox 1775 1492 2267 1579; x_wconf 85' lang='lat' dir='ltr'>Provinciae</span> <span class='ocrx_word' id='word_1_82' title='bbox 2315 1491 2423 1579; x_wconf 88' lang='lat' dir='ltr'>de</span> <span class='ocrx_word' id='word_1_83' title='bbox 2484 1487 2801 1577; x_wconf 88' lang='lat' dir='ltr'>idoneis</span> <span class='ocrx_word' id='word_1_84' title='bbox 2850 1486 3243 1572; x_wconf 79' lang='lat' dir='ltr'>Ministro</span> <span class='ocrx_word' id='word_1_85' title='bbox 3293 1479 3807 1568; x_wconf 85' lang='lat' dir='ltr'>Provinciali</span> 
     </span>
    </p>

    <p class='ocr_par' dir='ltr' id='par_1_4' title="bbox 430 1597 3804 1729">
     <span class='ocr_line' id='line_1_10' title="bbox 430 1597 3804 1729; baseline -0.003 -33"><span class='ocrx_word' id='word_1_86' title='bbox 430 1641 527 1698; x_wconf 83' lang='lat' dir='ltr'>ac</span> <span class='ocrx_word' id='word_1_87' title='bbox 574 1608 1186 1724; x_wconf 23' lang='lat' dir='ltr'>Definnitoribus</span> <span class='ocrx_word' id='word_1_88' title='bbox 1221 1673 1246 1717; x_wconf 91' lang='lat'>,</span> <span class='ocrx_word' id='word_1_89' title='bbox 1310 1639 1670 1729; x_wconf 75' lang='lat' dir='ltr'>quorum</span> <span class='ocrx_word' id='word_1_90' title='bbox 1731 1632 1974 1725; x_wconf 82' lang='lat' dir='ltr'>opera</span> <span class='ocrx_word' id='word_1_91' title='bbox 2013 1610 2449 1700; x_wconf 86' lang='lat' dir='ltr'>Provincia</span> <span class='ocrx_word' id='word_1_92' title='bbox 2499 1614 2717 1725; x_wconf 86' lang='lat' dir='ltr'>ipsa,</span> <span class='ocrx_word' id='word_1_93' title='bbox 2781 1603 3249 1721; x_wconf 81' lang='lat' dir='ltr'>adspirante</span> <span class='ocrx_word' id='word_1_94' title='bbox 3299 1604 3635 1718; x_wconf 88' lang='lat' dir='ltr'>superni</span> <span class='ocrx_word' id='word_1_95' title='bbox 3685 1597 3804 1686; x_wconf 79' lang='lat' dir='ltr'>fa-</span> 
     </span>
    </p>

    <p class='ocr_par' dir='ltr' id='par_1_5' title="bbox 425 1724 3797 1848">
     <span class='ocr_line' id='line_1_11' title="bbox 425 1724 3797 1848; baseline -0.003 -31"><span class='ocrx_word' id='word_1_96' title='bbox 425 1735 648 1817; x_wconf 83' lang='lat' dir='ltr'>voris</span> <span class='ocrx_word' id='word_1_97' title='bbox 700 1732 1002 1818; x_wconf 82' lang='lat' dir='ltr'>auxilio</span> <span class='ocrx_word' id='word_1_98' title='bbox 1030 1795 1054 1839; x_wconf 89' lang='lat'>,</span> <span class='ocrx_word' id='word_1_99' title='bbox 1119 1730 1561 1817; x_wconf 82' lang='lat' dir='ltr'>salubriter</span> <span class='ocrx_word' id='word_1_100' title='bbox 1604 1728 2060 1842; x_wconf 87' lang='lat' dir='ltr'>dirigatur,</span> <span class='ocrx_word' id='word_1_101' title='bbox 2095 1729 2251 1817; x_wconf 88' lang='lat' dir='ltr'>hac</span> <span class='ocrx_word' id='word_1_102' title='bbox 2297 1735 2562 1848; x_wconf 87' lang='lat' dir='ltr'>prima</span> <span class='ocrx_word' id='word_1_103' title='bbox 2626 1732 2810 1817; x_wconf 89' lang='lat' dir='ltr'>vice</span> <span class='ocrx_word' id='word_1_104' title='bbox 2861 1724 3296 1844; x_wconf 87' lang='lat' dir='ltr'>providere</span> <span class='ocrx_word' id='word_1_105' title='bbox 3333 1725 3797 1837; x_wconf 79' lang='lat' dir='ltr'>cupientes,</span> 
     </span>
    </p>

    <p class='ocr_par' dir='ltr' id='par_1_6' title="bbox 423 1841 3796 2087">
     <span class='ocr_line' id='line_1_12' title="bbox 424 1841 3796 1967; baseline -0.002 -31"><span class='ocrx_word' id='word_1_106' title='bbox 424 1880 523 1937; x_wconf 90' lang='lat' dir='ltr'>ac</span> <span class='ocrx_word' id='word_1_107' title='bbox 572 1848 681 1940; x_wconf 92' lang='lat' dir='ltr'>de</span> <span class='ocrx_word' id='word_1_108' title='bbox 730 1873 1086 1967; x_wconf 87' lang='lat' dir='ltr'>spectata</span> <span class='ocrx_word' id='word_1_109' title='bbox 1138 1847 1846 1966; x_wconf 85' lang='lat' dir='ltr'>infrascriptorum</span> <span class='ocrx_word' id='word_1_110' title='bbox 1898 1851 2496 1962; x_wconf 88' lang='lat' dir='ltr'>Religiosorum</span> <span class='ocrx_word' id='word_1_111' title='bbox 2549 1848 2756 1956; x_wconf 89' lang='lat' dir='ltr'>fide,</span> <span class='ocrx_word' id='word_1_112' title='bbox 2819 1843 3260 1963; x_wconf 88' lang='lat' dir='ltr'>prudentia</span> <span class='ocrx_word' id='word_1_113' title='bbox 3297 1909 3322 1952; x_wconf 90' lang='lat'>,</span> <span class='ocrx_word' id='word_1_114' title='bbox 3378 1841 3796 1945; x_wconf 87' lang='lat' dir='ltr'>charitate,</span> 
     </span>
     <span class='ocr_line' id='line_1_13' title="bbox 423 1959 3792 2087; baseline -0.003 -34"><span class='ocrx_word' id='word_1_115' title='bbox 423 1972 892 2084; x_wconf 83' lang='lat' dir='ltr'>integritate</span> <span class='ocrx_word' id='word_1_116' title='bbox 927 2034 953 2079; x_wconf 94' lang='lat'>,</span> <span class='ocrx_word' id='word_1_117' title='bbox 1015 1970 1439 2080; x_wconf 87' lang='lat' dir='ltr'>vigilantia</span> <span class='ocrx_word' id='word_1_118' title='bbox 1472 2033 1504 2076; x_wconf 87' lang='lat'>,</span> <span class='ocrx_word' id='word_1_119' title='bbox 1555 1991 1641 2060; x_wconf 89' lang='lat' dir='ltr'>et</span> <span class='ocrx_word' id='word_1_120' title='bbox 1687 1971 2136 2083; x_wconf 86' lang='lat' dir='ltr'>Religionis</span> <span class='ocrx_word' id='word_1_121' title='bbox 2187 1975 2386 2060; x_wconf 87' lang='lat' dir='ltr'>zelo·</span> <span class='ocrx_word' id='word_1_122' title='bbox 2414 1972 2872 2087; x_wconf 89' lang='lat' dir='ltr'>plurimum</span> <span class='ocrx_word' id='word_1_123' title='bbox 2908 1971 2995 2052; x_wconf 94' lang='lat' dir='ltr'>in</span> <span class='ocrx_word' id='word_1_124' title='bbox 3030 1966 3402 2052; x_wconf 89' lang='lat' dir='ltr'>Domino</span> <span class='ocrx_word' id='word_1_125' title='bbox 3449 1959 3792 2051; x_wconf 82' lang='lat' dir='ltr'>confisi:</span> 
     </span>
    </p>

    <p class='ocr_par' dir='ltr' id='par_1_7' title="bbox 427 2087 3802 2207">
     <span class='ocr_line' id='line_1_14' title="bbox 427 2087 3802 2207; baseline -0.003 -31"><span class='ocrx_word' id='word_1_126' title='bbox 427 2095 515 2183; x_wconf 74' lang='lat' dir='ltr'>et</span> <span class='ocrx_word' id='word_1_127' title='bbox 564 2122 857 2177; x_wconf 89' lang='lat' dir='ltr'>eorum</span> <span class='ocrx_word' id='word_1_128' title='bbox 914 2090 1371 2201; x_wconf 86' lang='lat' dir='ltr'>singulares</span> <span class='ocrx_word' id='word_1_129' title='bbox 1415 2119 1797 2203; x_wconf 87' lang='lat' dir='ltr'>personas</span> <span class='ocrx_word' id='word_1_130' title='bbox 1845 2124 1893 2176; x_wconf 89' lang='lat' dir='ltr'>a</span> <span class='ocrx_word' id='word_1_131' title='bbox 1956 2090 2390 2207; x_wconf 85' lang='lat' dir='ltr'>quibusvis</span> <span class='ocrx_word' id='word_1_132' title='bbox 2463 2089 3336 2179; x_wconf 82' lang='lat' dir='ltr'>excommunicationis</span> <span class='ocrx_word' id='word_1_133' title='bbox 3371 2148 3397 2193; x_wconf 94' lang='lat'>,</span> <span class='ocrx_word' id='word_1_134' title='bbox 3461 2087 3802 2197; x_wconf 80' lang='lat' dir='ltr'>suspen-</span> 
     </span>
    </p>

    <p class='ocr_par' dir='ltr' id='par_1_8' title="bbox 426 2205 3805 2328">
     <span class='ocr_line' id='line_1_15' title="bbox 426 2205 3805 2328; baseline -0.001 -34"><span class='ocrx_word' id='word_1_135' title='bbox 426 2212 677 2296; x_wconf 80' lang='lat' dir='ltr'>sionis</span> <span class='ocrx_word' id='word_1_136' title='bbox 712 2272 737 2317; x_wconf 91' lang='lat'>,</span> <span class='ocrx_word' id='word_1_137' title='bbox 801 2232 889 2296; x_wconf 85' lang='lat' dir='ltr'>et</span> <span class='ocrx_word' id='word_1_138' title='bbox 932 2207 1351 2297; x_wconf 87' lang='lat' dir='ltr'>interdicti</span> <span class='ocrx_word' id='word_1_139' title='bbox 1389 2271 1413 2314; x_wconf 92' lang='lat'>,</span> <span class='ocrx_word' id='word_1_140' title='bbox 1479 2211 1826 2328; x_wconf 87' lang='lat' dir='ltr'>aliisque</span> <span class='ocrx_word' id='word_1_141' title='bbox 1874 2212 2442 2299; x_wconf 89' lang='lat' dir='ltr'>ecclesiasticis</span> <span class='ocrx_word' id='word_1_142' title='bbox 2489 2211 2967 2316; x_wconf 84' lang='lat' dir='ltr'>sententiis,</span> <span class='ocrx_word' id='word_1_143' title='bbox 3021 2210 3390 2293; x_wconf 87' lang='lat' dir='ltr'>censuris</span> <span class='ocrx_word' id='word_1_144' title='bbox 3418 2268 3442 2311; x_wconf 88' lang='lat'>,</span> <span class='ocrx_word' id='word_1_145' title='bbox 3481 2226 3564 2290; x_wconf 92' lang='lat' dir='ltr'>et</span> <span class='ocrx_word' id='word_1_146' title='bbox 3597 2205 3805 2316; x_wconf 77' lang='lat' dir='ltr'>‘poe-</span> 
     </span>
    </p>

    <p class='ocr_par' dir='ltr' id='par_1_9' title="bbox 426 2318 4194 3641">
     <span class='ocr_line' id='line_1_16' title="bbox 426 2318 3808 2447; baseline -0.003 -32"><span class='ocrx_word' id='word_1_147' title='bbox 426 2332 561 2415; x_wconf 78' lang='lat' dir='ltr'>nis</span> <span class='ocrx_word' id='word_1_148' title='bbox 598 2392 623 2437; x_wconf 89' lang='lat'>,</span> <span class='ocrx_word' id='word_1_149' title='bbox 661 2363 733 2414; x_wconf 87' lang='lat' dir='ltr'>-a</span> <span class='ocrx_word' id='word_1_150' title='bbox 784 2333 970 2444; x_wconf 82' lang='lat' dir='ltr'>jure</span> <span class='ocrx_word' id='word_1_151' title='bbox 1019 2329 1154 2417; x_wconf 87' lang='lat' dir='ltr'>vel</span> <span class='ocrx_word' id='word_1_152' title='bbox 1199 2329 1306 2413; x_wconf 92' lang='lat' dir='ltr'>ab</span> <span class='ocrx_word' id='word_1_153' title='bbox 1355 2329 1687 2414; x_wconf 85' lang='lat' dir='ltr'>homine</span> <span class='ocrx_word' id='word_1_154' title='bbox 1739 2332 2027 2447; x_wconf 86' lang='lat' dir='ltr'>quavis</span> <span class='ocrx_word' id='word_1_155' title='bbox 2084 2335 2514 2420; x_wconf 87' lang='lat' dir='ltr'>occasione</span> <span class='ocrx_word' id='word_1_156' title='bbox 2571 2331 2710 2418; x_wconf 89' lang='lat' dir='ltr'>vel</span> <span class='ocrx_word' id='word_1_157' title='bbox 2759 2318 2998 2415; x_wconf 83' lang='lat' dir='ltr'>cansa</span> <span class='ocrx_word' id='word_1_158' title='bbox 3049 2328 3233 2413; x_wconf 88' lang='lat' dir='ltr'>latis</span> <span class='ocrx_word' id='word_1_159' title='bbox 3282 2388 3308 2433; x_wconf 94' lang='lat'>,</span> <span class='ocrx_word' id='word_1_160' title='bbox 3370 2327 3436 2409; x_wconf 87' lang='lat' dir='ltr'>si</span> <span class='ocrx_word' id='word_1_161' title='bbox 3498 2322 3808 2443; x_wconf 81' lang='lat' dir='ltr'>quibus</span> 
     </span>
     <span class='ocr_line' id='line_1_17' title="bbox 431 2441 3803 2567; baseline -0.002 -34"><span class='ocrx_word' id='word_1_162' title='bbox 431 2445 1060 2567; x_wconf 85' lang='lat' dir='ltr'>quomodolibet</span> <span class='ocrx_word' id='word_1_163' title='bbox 1135 2447 1580 2537; x_wconf 89' lang='lat' dir='ltr'>innodatae</span> <span class='ocrx_word' id='word_1_164' title='bbox 1651 2454 2065 2555; x_wconf 82' lang='lat' dir='ltr'>existunt,</span> <span class='ocrx_word' id='word_1_165' title='bbox 2129 2451 2234 2536; x_wconf 89' lang='lat' dir='ltr'>ad</span> <span class='ocrx_word' id='word_1_166' title='bbox 2302 2451 2703 2539; x_wconf 77' lang='lat' dir='ltr'>&#39;effectum</span> <span class='ocrx_word' id='word_1_167' title='bbox 2757 2450 3315 2565; x_wconf 87' lang='lat' dir='ltr'>praesentium</span> <span class='ocrx_word' id='word_1_168' title='bbox 3378 2441 3803 2529; x_wconf 82' lang='lat' dir='ltr'>dumtaxat</span> 
     </span>
     <span class='ocr_line' id='line_1_18' title="bbox 432 2565 4190 2687; baseline 0 -34"><span class='ocrx_word' id='word_1_169' title='bbox 432 2567 1111 2687; x_wconf 78' lang='lat' dir='ltr'>consequendum</span> <span class='ocrx_word' id='word_1_170' title='bbox 1148 2630 1173 2671; x_wconf 92' lang='lat'>,</span> <span class='ocrx_word' id='word_1_171' title='bbox 1238 2566 1539 2655; x_wconf 87' lang='lat' dir='ltr'>harum</span> <span class='ocrx_word' id='word_1_172' title='bbox 1586 2571 1794 2654; x_wconf 89' lang='lat' dir='ltr'>serie</span> <span class='ocrx_word' id='word_1_173' title='bbox 1858 2570 2376 2657; x_wconf 80' lang='lat' dir='ltr'>absolventes</span> <span class='ocrx_word' id='word_1_174' title='bbox 2413 2636 2436 2677; x_wconf 90' lang='lat'>,</span> <span class='ocrx_word' id='word_1_175' title='bbox 2503 2595 2588 2658; x_wconf 91' lang='lat' dir='ltr'>et</span> <span class='ocrx_word' id='word_1_176' title='bbox 2635 2572 3049 2656; x_wconf 85' lang='lat' dir='ltr'>absolutas</span> <span class='ocrx_word' id='word_1_177' title='bbox 3098 2565 3275 2654; x_wconf 88' lang='lat' dir='ltr'>fore</span> <span class='ocrx_word' id='word_1_178' title='bbox 3345 2585 3800 2667; x_wconf 79' lang='lat' dir='ltr'>censentes,</span> <span class='ocrx_word' id='word_1_179' title='bbox 3851 2589 4190 2678; x_wconf 79' lang='lat' dir='ltr'>Eligantur</span> 
     </span>
     <span class='ocr_line' id='line_1_19' title="bbox 428 2682 4100 2807; baseline -0.002 -34"><span class='ocrx_word' id='word_1_180' title='bbox 428 2686 772 2775; x_wconf 89' lang='lat' dir='ltr'>dilectos</span> <span class='ocrx_word' id='word_1_181' title='bbox 820 2684 1035 2773; x_wconf 86' lang='lat' dir='ltr'>filios</span> <span class='ocrx_word' id='word_1_182' title='bbox 1086 2686 1583 2804; x_wconf 85' lang='lat' dir='ltr'>Philippum·</span> <span class='ocrx_word' id='word_1_183' title='bbox 1621 2686 2105 2775; x_wconf 77' lang='lat' dir='ltr'>Okennedis</span> <span class='ocrx_word' id='word_1_184' title='bbox 2133 2751 2158 2796; x_wconf 90' lang='lat'>,</span> <span class='ocrx_word' id='word_1_185' title='bbox 2198 2693 2344 2807; x_wconf 89' lang='lat' dir='ltr'>qui</span> <span class='ocrx_word' id='word_1_186' title='bbox 2383 2689 2737 2795; x_wconf 86' lang='lat' dir='ltr'>Custos,</span> <span class='ocrx_word' id='word_1_187' title='bbox 2790 2692 2873 2772; x_wconf 89' lang='lat' dir='ltr'>in</span> <span class='ocrx_word' id='word_1_188' title='bbox 2921 2689 3398 2771; x_wconf 90' lang='lat' dir='ltr'>Ministrum</span> <span class='ocrx_word' id='word_1_189' title='bbox 3449 2683 3803 2767; x_wconf 78' lang='lat' dir='ltr'>Provin·</span> <span class='ocrx_word' id='word_1_190' title='bbox 3829 2682 4100 2750; x_wconf 71' lang='lat' dir='ltr'>ministri</span> 
     </span>
     <span class='ocr_line' id='line_1_20' title="bbox 430 2795 4194 2933; baseline -0.003 -39"><span class='ocrx_word' id='word_1_191' title='bbox 430 2808 722 2894; x_wconf 87' lang='lat' dir='ltr'>cialem</span> <span class='ocrx_word' id='word_1_192' title='bbox 764 2843 781 2890; x_wconf 78' lang='lat' dir='ltr'><strong><em>z</em></strong></span> <span class='ocrx_word' id='word_1_193' title='bbox 842 2840 937 2893; x_wconf 91' lang='lat' dir='ltr'>ac</span> <span class='ocrx_word' id='word_1_194' title='bbox 987 2807 1653 2895; x_wconf 88' lang='lat' dir='ltr'>Bonaventuram</span> <span class='ocrx_word' id='word_1_195' title='bbox 1676 2807 2055 2894; x_wconf 88' lang='lat' dir='ltr'>Donellis</span> <span class='ocrx_word' id='word_1_196' title='bbox 2105 2812 2189 2893; x_wconf 91' lang='lat' dir='ltr'>in</span> <span class='ocrx_word' id='word_1_197' title='bbox 2230 2801 3802 2923; x_wconf 74' lang='lat' dir='ltr'>primum:JoannemBaptistamKni·</span> <span class='ocrx_word' id='word_1_198' title='bbox 3830 2795 4194 2933; x_wconf 51' lang='grc' dir='ltr'>ξξᾞζζξω·</span> 
     </span>
     <span class='ocr_line' id='line_1_21' title="bbox 429 2914 4100 3042; baseline -0.001 -32"><span class='ocrx_word' id='word_1_199' title='bbox 429 2926 631 3038; x_wconf 86' lang='lat' dir='ltr'>ghte</span> <span class='ocrx_word' id='word_1_200' title='bbox 681 2934 764 3011; x_wconf 87' lang='lat' dir='ltr'>in</span> <span class='ocrx_word' id='word_1_201' title='bbox 817 2923 1336 3012; x_wconf 86' lang='lat' dir='ltr'>secundum:</span> <span class='ocrx_word' id='word_1_202' title='bbox 1405 2927 1817 3014; x_wconf 87' lang='lat' dir='ltr'>Thomam</span> <span class='ocrx_word' id='word_1_203' title='bbox 1893 2928 2218 3042; x_wconf 87' lang='lat' dir='ltr'>Tyrrell</span> <span class='ocrx_word' id='word_1_204' title='bbox 2268 2932 2350 3014; x_wconf 86' lang='lat' dir='ltr'>in</span> <span class='ocrx_word' id='word_1_205' title='bbox 2416 2933 2807 3016; x_wconf 83' lang='lat' dir='ltr'>tertium:</span> <span class='ocrx_word' id='word_1_206' title='bbox 2877 2959 2973 3012; x_wconf 90' lang='lat' dir='ltr'>ac</span> <span class='ocrx_word' id='word_1_207' title='bbox 3047 2925 3480 3011; x_wconf 85' lang='lat' dir='ltr'>Joannem.</span> <span class='ocrx_word' id='word_1_208' title='bbox 3522 2922 3803 3007; x_wconf 85' lang='lat' dir='ltr'>Evan-</span> <span class='ocrx_word' id='word_1_209' title='bbox 4086 2914 4100 2928; x_wconf 74' lang='grc'><strong><em>’</em></strong></span> 
     </span>
     <span class='ocr_line' id='line_1_22' title="bbox 431 3045 3806 3163; baseline -0.001 -31"><span class='ocrx_word' id='word_1_210' title='bbox 431 3047 808 3156; x_wconf 88' lang='lat' dir='ltr'>gelistam</span> <span class='ocrx_word' id='word_1_211' title='bbox 862 3045 1155 3129; x_wconf 85' lang='lat' dir='ltr'>Ronan</span> <span class='ocrx_word' id='word_1_212' title='bbox 1194 3108 1218 3151; x_wconf 90' lang='lat'>,</span> <span class='ocrx_word' id='word_1_213' title='bbox 1284 3051 1430 3163; x_wconf 84' lang='lat' dir='ltr'>qui</span> <span class='ocrx_word' id='word_1_214' title='bbox 1497 3047 2035 3134; x_wconf 87' lang='lat' dir='ltr'>Consultores</span> <span class='ocrx_word' id='word_1_215' title='bbox 2095 3047 2563 3163; x_wconf 83' lang='lat' dir='ltr'>praedictae</span> <span class='ocrx_word' id='word_1_216' title='bbox 2609 3045 3033 3134; x_wconf 79' lang='lat' dir='ltr'>custodiae</span> <span class='ocrx_word' id='word_1_217' title='bbox 3104 3068 3359 3148; x_wconf 87' lang='lat' dir='ltr'>sunt,</span> <span class='ocrx_word' id='word_1_218' title='bbox 3420 3046 3509 3127; x_wconf 89' lang='lat' dir='ltr'>in</span> <span class='ocrx_word' id='word_1_219' title='bbox 3562 3073 3806 3160; x_wconf 88' lang='lat' dir='ltr'>quar·</span> 
     </span>
     <span class='ocr_line' id='line_1_23' title="bbox 429 3161 3802 3279; baseline -0 -28"><span class='ocrx_word' id='word_1_220' title='bbox 429 3188 673 3269; x_wconf 89' lang='lat' dir='ltr'>tum,</span> <span class='ocrx_word' id='word_1_221' title='bbox 742 3161 1241 3249; x_wconf 89' lang='lat' dir='ltr'>Definitores</span> <span class='ocrx_word' id='word_1_222' title='bbox 1322 3164 1694 3279; x_wconf 87' lang='lat' dir='ltr'>ejusdem</span> <span class='ocrx_word' id='word_1_223' title='bbox 1745 3198 2006 3252; x_wconf 87' lang='lat' dir='ltr'>novae</span> <span class='ocrx_word' id='word_1_224' title='bbox 2056 3168 2542 3254; x_wconf 83' lang='lat' dir='ltr'>Provinciae</span> <span class='ocrx_word' id='word_1_225' title='bbox 2589 3232 2614 3274; x_wconf 81' lang='lat'>,</span> <span class='ocrx_word' id='word_1_226' title='bbox 2682 3171 2797 3253; x_wconf 88' lang='lat' dir='ltr'>sic</span> <span class='ocrx_word' id='word_1_227' title='bbox 2880 3200 2926 3251; x_wconf 90' lang='lat' dir='ltr'>a</span> <span class='ocrx_word' id='word_1_228' title='bbox 2985 3163 3248 3252; x_wconf 89' lang='lat' dir='ltr'>Nobis</span> <span class='ocrx_word' id='word_1_229' title='bbox 3333 3185 3653 3250; x_wconf 88' lang='lat' dir='ltr'>erectae</span> <span class='ocrx_word' id='word_1_230' title='bbox 3717 3189 3802 3250; x_wconf 92' lang='lat' dir='ltr'>et</span> 
     </span>
     <span class='ocr_line' id='line_1_24' title="bbox 429 3281 3811 3404; baseline 0 -35"><span class='ocrx_word' id='word_1_231' title='bbox 429 3286 923 3389; x_wconf 89' lang='lat' dir='ltr'>institutae,</span> <span class='ocrx_word' id='word_1_232' title='bbox 993 3281 1098 3367; x_wconf 91' lang='lat' dir='ltr'>ad</span> <span class='ocrx_word' id='word_1_233' title='bbox 1182 3286 1635 3370; x_wconf 89' lang='lat' dir='ltr'>triennium</span> <span class='ocrx_word' id='word_1_234' title='bbox 1712 3287 2228 3400; x_wconf 85' lang='lat' dir='ltr'>proximum,</span> <span class='ocrx_word' id='word_1_235' title='bbox 2296 3323 2340 3374; x_wconf 89' lang='lat' dir='ltr'>a</span> <span class='ocrx_word' id='word_1_236' title='bbox 2395 3287 2532 3374; x_wconf 85' lang='lat' dir='ltr'>die</span> <span class='ocrx_word' id='word_1_237' title='bbox 2592 3287 3176 3404; x_wconf 84' lang='lat' dir='ltr'>publicationis</span> <span class='ocrx_word' id='word_1_238' title='bbox 3248 3286 3811 3401; x_wconf 87' lang='lat' dir='ltr'>praesentium</span> 
     </span>
     <span class='ocr_line' id='line_1_25' title="bbox 427 3400 3809 3522; baseline 0 -33"><span class='ocrx_word' id='word_1_239' title='bbox 427 3404 858 3489; x_wconf 88' lang='lat' dir='ltr'>literarum</span> <span class='ocrx_word' id='word_1_240' title='bbox 913 3400 1473 3514; x_wconf 81' lang='lat' dir='ltr'>inchoandum</span> <span class='ocrx_word' id='word_1_241' title='bbox 1508 3468 1531 3511; x_wconf 93' lang='lat'>,</span> <span class='ocrx_word' id='word_1_242' title='bbox 1599 3436 1791 3490; x_wconf 90' lang='lat' dir='ltr'>cum</span> <span class='ocrx_word' id='word_1_243' title='bbox 1844 3407 2229 3493; x_wconf 87' lang='lat' dir='ltr'>omnibus</span> <span class='ocrx_word' id='word_1_244' title='bbox 2278 3431 2363 3494; x_wconf 87' lang='lat' dir='ltr'>et</span> <span class='ocrx_word' id='word_1_245' title='bbox 2408 3409 2748 3520; x_wconf 86' lang='lat' dir='ltr'>singulis</span> <span class='ocrx_word' id='word_1_246' title='bbox 2796 3405 3464 3522; x_wconf 86' lang='lat' dir='ltr'>praeeminentiis</span> <span class='ocrx_word' id='word_1_247' title='bbox 3497 3467 3527 3506; x_wconf 86' lang='lat'>,</span> <span class='ocrx_word' id='word_1_248' title='bbox 3578 3433 3809 3519; x_wconf 88' lang='lat' dir='ltr'>prae·</span> 
     </span>
     <span class='ocr_line' id='line_1_26' title="bbox 426 3517 3808 3641; baseline -0.001 -30"><span class='ocrx_word' id='word_1_249' title='bbox 426 3521 822 3636; x_wconf 81' lang='lat' dir='ltr'>rogativis</span> <span class='ocrx_word' id='word_1_250' title='bbox 857 3584 882 3627; x_wconf 89' lang='lat'>,</span> <span class='ocrx_word' id='word_1_251' title='bbox 938 3519 1479 3610; x_wconf 59' lang='lat' dir='ltr'>&#39;facultatibus</span> <span class='ocrx_word' id='word_1_252' title='bbox 1527 3590 1551 3633; x_wconf 90' lang='lat'>,</span> <span class='ocrx_word' id='word_1_253' title='bbox 1620 3523 2181 3636; x_wconf 86' lang='lat' dir='ltr'>auctoritate,</span> <span class='ocrx_word' id='word_1_254' title='bbox 2227 3521 2732 3641; x_wconf 66' lang='lat' dir='ltr'>privilegiis,</span> <span class='ocrx_word' id='word_1_255' title='bbox 2822 3530 3095 3637; x_wconf 83' lang='lat' dir='ltr'>gratiis</span> <span class='ocrx_word' id='word_1_256' title='bbox 3132 3589 3156 3634; x_wconf 90' lang='lat'>,</span> <span class='ocrx_word' id='word_1_257' title='bbox 3224 3546 3307 3611; x_wconf 89' lang='lat' dir='ltr'>et</span> <span class='ocrx_word' id='word_1_258' title='bbox 3380 3517 3732 3609; x_wconf 87' lang='lat' dir='ltr'>indultis</span> <span class='ocrx_word' id='word_1_259' title='bbox 3782 3589 3808 3630; x_wconf 86' lang='lat'>,</span> 
     </span>
    </p>

    <p class='ocr_par' dir='ltr' id='par_1_10' title="bbox 429 3641 3816 4096">
     <span class='ocr_line' id='line_1_27' title="bbox 429 3641 3815 3760; baseline 0.001 -31"><span class='ocrx_word' id='word_1_260' title='bbox 429 3676 537 3729; x_wconf 80' lang='lat' dir='ltr'>ac</span> <span class='ocrx_word' id='word_1_261' title='bbox 589 3641 1043 3728; x_wconf 84' lang='lat' dir='ltr'>honoribus</span> <span class='ocrx_word' id='word_1_262' title='bbox 1080 3665 1161 3727; x_wconf 90' lang='lat' dir='ltr'>et</span> <span class='ocrx_word' id='word_1_263' title='bbox 1213 3646 1603 3733; x_wconf 89' lang='lat' dir='ltr'>oneribus</span> <span class='ocrx_word' id='word_1_264' title='bbox 1653 3645 1904 3732; x_wconf 80' lang='lat' dir='ltr'>solitis</span> <span class='ocrx_word' id='word_1_265' title='bbox 1939 3670 2022 3732; x_wconf 91' lang='lat' dir='ltr'>et</span> <span class='ocrx_word' id='word_1_266' title='bbox 2082 3650 2553 3752; x_wconf 83' lang='lat' dir='ltr'>consuetis,</span> <span class='ocrx_word' id='word_1_267' title='bbox 2586 3651 3068 3734; x_wconf 87' lang='lat' dir='ltr'>auctoritate</span> <span class='ocrx_word' id='word_1_268' title='bbox 3119 3670 3201 3733; x_wconf 90' lang='lat' dir='ltr'>et</span> <span class='ocrx_word' id='word_1_269' title='bbox 3248 3667 3534 3732; x_wconf 90' lang='lat' dir='ltr'>tenore</span> <span class='ocrx_word' id='word_1_270' title='bbox 3578 3676 3815 3760; x_wconf 90' lang='lat' dir='ltr'>prae·</span> 
     </span>
     <span class='ocr_line' id='line_1_28' title="bbox 433 3761 3816 3882; baseline 0.001 -34"><span class='ocrx_word' id='word_1_271' title='bbox 433 3761 687 3849; x_wconf 84' lang='lat' dir='ltr'>’dictis</span> <span class='ocrx_word' id='word_1_272' title='bbox 739 3765 1316 3852; x_wconf 87' lang='lat' dir='ltr'>constituimus</span> <span class='ocrx_word' id='word_1_273' title='bbox 1367 3786 1450 3850; x_wconf 92' lang='lat' dir='ltr'>et</span> <span class='ocrx_word' id='word_1_274' title='bbox 1510 3764 1997 3882; x_wconf 88' lang='lat' dir='ltr'>deputamus</span> <span class='ocrx_word' id='word_1_275' title='bbox 2039 3802 2058 3849; x_wconf 77' lang='grc' dir='ltr'><strong><em>ε</em></strong></span> <span class='ocrx_word' id='word_1_276' title='bbox 2125 3768 2450 3880; x_wconf 89' lang='lat' dir='ltr'>expleto</span> <span class='ocrx_word' id='word_1_277' title='bbox 2497 3779 2790 3854; x_wconf 82' lang='lat' dir='ltr'>&#39;autem</span> <span class='ocrx_word' id='word_1_278' title='bbox 2840 3768 3199 3855; x_wconf 88' lang='lat' dir='ltr'>triennio</span> <span class='ocrx_word' id='word_1_279' title='bbox 3234 3797 3292 3872; x_wconf 86' lang='lat'>,·</span> <span class='ocrx_word' id='word_1_280' title='bbox 3326 3765 3816 3882; x_wconf 88' lang='lat' dir='ltr'>Capitulum</span> 
     </span>
     <span class='ocr_line' id='line_1_29' title="bbox 431 3882 3806 3998; baseline 0 -30"><span class='ocrx_word' id='word_1_281' title='bbox 431 3882 959 3970; x_wconf 88' lang='lat' dir='ltr'>Provinciale</span> <span class='ocrx_word' id='word_1_282' title='bbox 1036 3884 1137 3965; x_wconf 61' lang='lat' dir='ltr'>in*</span> <span class='ocrx_word' id='word_1_283' title='bbox 1175 3915 1346 3969; x_wconf 91' lang='lat' dir='ltr'>uno</span> <span class='ocrx_word' id='word_1_284' title='bbox 1395 3918 1493 3972; x_wconf 85' lang='lat' dir='ltr'>ex</span> <span class='ocrx_word' id='word_1_285' title='bbox 1542 3885 1873 3974; x_wconf 88' lang='lat' dir='ltr'>duobus</span> <span class='ocrx_word' id='word_1_286' title='bbox 1937 3886 2517 3974; x_wconf 87' lang='lat' dir='ltr'>Conventibus</span> <span class='ocrx_word' id='word_1_287' title='bbox 2578 3891 2664 3974; x_wconf 90' lang='lat' dir='ltr'>in</span> <span class='ocrx_word' id='word_1_288' title='bbox 2747 3889 3031 3998; x_wconf 86' lang='lat' dir='ltr'>Regno</span> <span class='ocrx_word' id='word_1_289' title='bbox 3107 3886 3429 3972; x_wconf 86' lang='lat' dir='ltr'>Galliae</span> <span class='ocrx_word' id='word_1_290' title='bbox 3478 3888 3806 3973; x_wconf 86' lang='lat' dir='ltr'>existen.</span> 
     </span>
     <span class='ocr_line' id='line_1_30' title="bbox 440 4001 3665 4096; baseline -0 -8"><span class='ocrx_word' id='word_1_291' title='bbox 440 4002 840 4088; x_wconf 87' lang='lat' dir='ltr'>Ministro</span> <span class='ocrx_word' id='word_1_292' title='bbox 890 4001 1388 4090; x_wconf 87' lang='lat' dir='ltr'>Provinciali</span> <span class='ocrx_word' id='word_1_293' title='bbox 1438 4037 1667 4094; x_wconf 89' lang='lat' dir='ltr'>more</span> <span class='ocrx_word' id='word_1_294' title='bbox 1719 4008 1959 4092; x_wconf 88' lang='lat' dir='ltr'>solito</span> <span class='ocrx_word' id='word_1_295' title='bbox 2019 4005 2532 4096; x_wconf 88' lang='lat' dir='ltr'>convocandi</span> <span class='ocrx_word' id='word_1_296' title='bbox 2586 4006 3055 4094; x_wconf 83' lang='lat' dir='ltr'>facultatem</span> <span class='ocrx_word' id='word_1_297' title='bbox 3108 4004 3665 4092; x_wconf 88' lang='lat' dir='ltr'>concedimus.</span> 
     </span>
    </p>

    <p class='ocr_par' dir='ltr' id='par_1_11' title="bbox 426 4118 3828 5562">
     <span class='ocr_line' id='line_1_31' title="bbox 563 4118 3816 4240; baseline 0.001 -37"><span class='ocrx_word' id='word_1_298' title='bbox 563 4124 632 4222; x_wconf 73' lang='lat' dir='ltr'>S.</span> <span class='ocrx_word' id='word_1_299' title='bbox 700 4129 779 4229; x_wconf 64' lang='grc'>4.</span> <span class='ocrx_word' id='word_1_300' title='bbox 845 4118 1336 4207; x_wconf 81' lang='lat' dir='ltr'>Mandantes</span> <span class='ocrx_word' id='word_1_301' title='bbox 1385 4150 1762 4240; x_wconf 84' lang='lat' dir='ltr'>proptera</span> <span class='ocrx_word' id='word_1_302' title='bbox 1827 4129 1909 4210; x_wconf 91' lang='lat' dir='ltr'>in</span> <span class='ocrx_word' id='word_1_303' title='bbox 1966 4129 2272 4211; x_wconf 88' lang='lat' dir='ltr'>virtute</span> <span class='ocrx_word' id='word_1_304' title='bbox 2322 4150 2650 4214; x_wconf 88' lang='lat' dir='ltr'>sanctae</span> <span class='ocrx_word' id='word_1_305' title='bbox 2702 4125 3222 4215; x_wconf 88' lang='lat' dir='ltr'>obedientiae</span> <span class='ocrx_word' id='word_1_306' title='bbox 3259 4188 3282 4231; x_wconf 94' lang='lat'>,</span> <span class='ocrx_word' id='word_1_307' title='bbox 3337 4155 3432 4210; x_wconf 89' lang='lat' dir='ltr'>ac</span> <span class='ocrx_word' id='word_1_308' title='bbox 3480 4124 3639 4208; x_wconf 89' lang='lat' dir='ltr'>sub</span> <span class='ocrx_word' id='word_1_309' title='bbox 3691 4126 3816 4208; x_wconf 91' lang='lat' dir='ltr'>in·</span> 
     </span>
     <span class='ocr_line' id='line_1_32' title="bbox 436 4235 3817 4363; baseline 0.001 -40"><span class='ocrx_word' id='word_1_310' title='bbox 436 4235 949 4349; x_wconf 83' lang='lat' dir='ltr'>dignationis</span> <span class='ocrx_word' id='word_1_311' title='bbox 1006 4261 1379 4350; x_wconf 85' lang='lat' dir='ltr'>nostrae,</span> <span class='ocrx_word' id='word_1_312' title='bbox 1443 4245 1785 4363; x_wconf 87' lang='lat' dir='ltr'>aliisque</span> <span class='ocrx_word' id='word_1_313' title='bbox 1835 4246 2146 4331; x_wconf 88' lang='lat' dir='ltr'>arbitrii</span> <span class='ocrx_word' id='word_1_314' title='bbox 2200 4249 2452 4332; x_wconf 88' lang='lat' dir='ltr'>nostri</span> <span class='ocrx_word' id='word_1_315' title='bbox 2503 4250 2849 4361; x_wconf 71' lang='lat' dir='ltr'>poenis»,</span> <span class='ocrx_word' id='word_1_316' title='bbox 2885 4246 3272 4334; x_wconf 89' lang='lat' dir='ltr'>omnibus</span> <span class='ocrx_word' id='word_1_317' title='bbox 3333 4266 3415 4330; x_wconf 89' lang='lat' dir='ltr'>et</span> <span class='ocrx_word' id='word_1_318' title='bbox 3475 4244 3817 4353; x_wconf 87' lang='lat' dir='ltr'>singulis</span> 
     </span>
     <span class='ocr_line' id='line_1_33' title="bbox 431 4355 3817 4482; baseline 0.001 -39"><span class='ocrx_word' id='word_1_319' title='bbox 431 4355 1062 4475; x_wconf 84' lang='lat' dir='ltr'>praedictorum</span> <span class='ocrx_word' id='word_1_320' title='bbox 1111 4358 1453 4444; x_wconf 90' lang='lat' dir='ltr'>Ordinis</span> <span class='ocrx_word' id='word_1_321' title='bbox 1504 4385 1585 4448; x_wconf 90' lang='lat' dir='ltr'>et</span> <span class='ocrx_word' id='word_1_322' title='bbox 1637 4394 1896 4450; x_wconf 85' lang='lat' dir='ltr'>novae</span> <span class='ocrx_word' id='word_1_323' title='bbox 1946 4364 2432 4453; x_wconf 86' lang='lat' dir='ltr'>Provinciae</span> <span class='ocrx_word' id='word_1_324' title='bbox 2484 4368 3058 4482; x_wconf 89' lang='lat' dir='ltr'>Superioribus</span> <span class='ocrx_word' id='word_1_325' title='bbox 3110 4429 3135 4471; x_wconf 92' lang='lat'>,</span> <span class='ocrx_word' id='word_1_326' title='bbox 3186 4364 3616 4449; x_wconf 88' lang='lat' dir='ltr'>Fratribus</span> <span class='ocrx_word' id='word_1_327' title='bbox 3648 4429 3678 4468; x_wconf 89' lang='lat'>‚</span> <span class='ocrx_word' id='word_1_328' title='bbox 3731 4386 3817 4449; x_wconf 90' lang='lat' dir='ltr'>et</span> 
     </span>
     <span class='ocr_line' id='line_1_34' title="bbox 429 4478 3819 4602; baseline 0.002 -40"><span class='ocrx_word' id='word_1_329' title='bbox 429 4478 816 4593; x_wconf 87' lang='lat' dir='ltr'>personis</span> <span class='ocrx_word' id='word_1_330' title='bbox 852 4538 877 4583; x_wconf 91' lang='lat'>,</span> <span class='ocrx_word' id='word_1_331' title='bbox 917 4481 1372 4596; x_wconf 88' lang='lat' dir='ltr'>ceterisque</span> <span class='ocrx_word' id='word_1_332' title='bbox 1402 4544 1425 4586; x_wconf 89' lang='lat'><strong><em>‚</em></strong></span> <span class='ocrx_word' id='word_1_333' title='bbox 1493 4480 1597 4569; x_wconf 83' lang='lat' dir='ltr'>ad</span> <span class='ocrx_word' id='word_1_334' title='bbox 1649 4513 1857 4600; x_wconf 89' lang='lat' dir='ltr'>quos</span> <span class='ocrx_word' id='word_1_335' title='bbox 1907 4505 2219 4597; x_wconf 84' lang='lat' dir='ltr'>spectat</span> <span class='ocrx_word' id='word_1_336' title='bbox 2266 4508 2352 4571; x_wconf 92' lang='lat' dir='ltr'>et</span> <span class='ocrx_word' id='word_1_337' title='bbox 2398 4489 2801 4602; x_wconf 88' lang='lat' dir='ltr'>spectabit</span> <span class='ocrx_word' id='word_1_338' title='bbox 2838 4491 2920 4572; x_wconf 90' lang='lat' dir='ltr'>in</span> <span class='ocrx_word' id='word_1_339' title='bbox 2973 4485 3345 4570; x_wconf 82' lang='lat' dir='ltr'>futurum</span> <span class='ocrx_word' id='word_1_340' title='bbox 3376 4548 3406 4587; x_wconf 89' lang='lat'>‚</span> <span class='ocrx_word' id='word_1_341' title='bbox 3455 4509 3550 4570; x_wconf 90' lang='lat' dir='ltr'>ut</span> <span class='ocrx_word' id='word_1_342' title='bbox 3599 4514 3819 4571; x_wconf 88' lang='lat' dir='ltr'>eam-</span> 
     </span>
     <span class='ocr_line' id='line_1_35' title="bbox 430 4596 3821 4715; baseline 0.001 -31"><span class='ocrx_word' id='word_1_343' title='bbox 430 4596 642 4684; x_wconf 89' lang='lat' dir='ltr'>dem</span> <span class='ocrx_word' id='word_1_344' title='bbox 700 4625 998 4684; x_wconf 89' lang='lat' dir='ltr'>novam</span> <span class='ocrx_word' id='word_1_345' title='bbox 1052 4597 1571 4686; x_wconf 86' lang='lat' dir='ltr'>Provinciam</span> <span class='ocrx_word' id='word_1_346' title='bbox 1608 4666 1632 4711; x_wconf 92' lang='lat'>,</span> <span class='ocrx_word' id='word_1_347' title='bbox 1700 4606 1913 4689; x_wconf 90' lang='lat' dir='ltr'>sicut</span> <span class='ocrx_word' id='word_1_348' title='bbox 1959 4609 2511 4715; x_wconf 88' lang='lat' dir='ltr'>praemittitur</span> <span class='ocrx_word' id='word_1_349' title='bbox 2545 4672 2575 4711; x_wconf 89' lang='lat'>,</span> <span class='ocrx_word' id='word_1_350' title='bbox 2640 4642 2680 4692; x_wconf 90' lang='lat' dir='ltr'>a</span> <span class='ocrx_word' id='word_1_351' title='bbox 2734 4607 2995 4693; x_wconf 87' lang='lat' dir='ltr'>Nobis</span> <span class='ocrx_word' id='word_1_352' title='bbox 3056 4628 3411 4692; x_wconf 85' lang='lat' dir='ltr'>erectam</span> <span class='ocrx_word' id='word_1_353' title='bbox 3464 4627 3543 4690; x_wconf 91' lang='lat' dir='ltr'>et</span> <span class='ocrx_word' id='word_1_354' title='bbox 3596 4606 3821 4689; x_wconf 88' lang='lat' dir='ltr'>insti·</span> 
     </span>
     <span class='ocr_line' id='line_1_36' title="bbox 434 4722 3822 4848; baseline 0.001 -44"><span class='ocrx_word' id='word_1_355' title='bbox 434 4741 709 4804; x_wconf 81' lang='lat' dir='ltr'>tutam</span> <span class='ocrx_word' id='word_1_356' title='bbox 751 4778 775 4823; x_wconf 91' lang='lat'>,</span> <span class='ocrx_word' id='word_1_357' title='bbox 840 4739 1264 4833; x_wconf 84' lang='lat' dir='ltr'>tamquam</span> <span class='ocrx_word' id='word_1_358' title='bbox 1313 4751 1591 4808; x_wconf 86' lang='lat' dir='ltr'>veram</span> <span class='ocrx_word' id='word_1_359' title='bbox 1656 4746 1739 4809; x_wconf 92' lang='lat' dir='ltr'>et</span> <span class='ocrx_word' id='word_1_360' title='bbox 1817 4722 2325 4835; x_wconf 73' lang='lat' dir='ltr'>legitimam,</span> <span class='ocrx_word' id='word_1_361' title='bbox 2384 4730 2946 4848; x_wconf 87' lang='lat' dir='ltr'>canoniceque</span> <span class='ocrx_word' id='word_1_362' title='bbox 3028 4746 3390 4813; x_wconf 88' lang='lat' dir='ltr'>erectam</span> <span class='ocrx_word' id='word_1_363' title='bbox 3475 4724 3822 4812; x_wconf 78' lang='lat' dir='ltr'>Provin-</span> 
     </span>
     <span class='ocr_line' id='line_1_37' title="bbox 434 4839 3823 4962; baseline 0.001 -37"><span class='ocrx_word' id='word_1_364' title='bbox 434 4843 664 4925; x_wconf 85' lang='lat' dir='ltr'>ciam</span> <span class='ocrx_word' id='word_1_365' title='bbox 703 4901 728 4944; x_wconf 86' lang='lat'>,</span> <span class='ocrx_word' id='word_1_366' title='bbox 795 4868 889 4924; x_wconf 85' lang='lat' dir='ltr'>ac</span> <span class='ocrx_word' id='word_1_367' title='bbox 940 4839 1153 4922; x_wconf 88' lang='lat' dir='ltr'>sicut</span> <span class='ocrx_word' id='word_1_368' title='bbox 1239 4840 1594 4960; x_wconf 87' lang='lat' dir='ltr'>reliquas</span> <span class='ocrx_word' id='word_1_369' title='bbox 1678 4843 1878 4930; x_wconf 89' lang='lat' dir='ltr'>dicti</span> <span class='ocrx_word' id='word_1_370' title='bbox 1944 4842 2285 4934; x_wconf 82' lang='lat' dir='ltr'>Ordinis</span> <span class='ocrx_word' id='word_1_371' title='bbox 2366 4848 2842 4934; x_wconf 84' lang='lat' dir='ltr'>Provincias</span> <span class='ocrx_word' id='word_1_372' title='bbox 2883 4847 3432 4936; x_wconf 75' lang='lat' dir='ltr'>in&#39;omnibus</span> <span class='ocrx_word' id='word_1_373' title='bbox 3511 4868 3591 4931; x_wconf 90' lang='lat' dir='ltr'>et</span> <span class='ocrx_word' id='word_1_374' title='bbox 3657 4861 3823 4962; x_wconf 83' lang='lat' dir='ltr'>‘per</span> 
     </span>
     <span class='ocr_line' id='line_1_38' title="bbox 440 4959 3823 5077; baseline 0.002 -34"><span class='ocrx_word' id='word_1_375' title='bbox 440 4959 741 5044; x_wconf 84' lang='lat' dir='ltr'>omnia</span> <span class='ocrx_word' id='word_1_376' title='bbox 830 4984 1419 5068; x_wconf 85' lang='lat' dir='ltr'>recognoscant</span> <span class='ocrx_word' id='word_1_377' title='bbox 1452 5024 1497 5066; x_wconf 88' lang='lat'>,.</span> <span class='ocrx_word' id='word_1_378' title='bbox 1541 4967 1977 5050; x_wconf 87' lang='lat' dir='ltr'>nominent</span> <span class='ocrx_word' id='word_1_379' title='bbox 2026 5027 2052 5070; x_wconf 88' lang='lat'>‚</span> <span class='ocrx_word' id='word_1_380' title='bbox 2119 4988 2457 5055; x_wconf 87' lang='lat' dir='ltr'>teneant</span> <span class='ocrx_word' id='word_1_381' title='bbox 2490 5031 2515 5072; x_wconf 92' lang='lat'>,</span> <span class='ocrx_word' id='word_1_382' title='bbox 2579 4991 2686 5053; x_wconf 89' lang='lat' dir='ltr'>et.</span> <span class='ocrx_word' id='word_1_383' title='bbox 2721 4983 3076 5057; x_wconf 84' lang='lat' dir='ltr'>tractent</span> <span class='ocrx_word' id='word_1_384' title='bbox 3109 5029 3135 5072; x_wconf 89' lang='lat'>,</span> <span class='ocrx_word' id='word_1_385' title='bbox 3200 4997 3295 5053; x_wconf 86' lang='lat' dir='ltr'>ac</span> <span class='ocrx_word' id='word_1_386' title='bbox 3374 4961 3823 5077; x_wconf 85' lang='lat' dir='ltr'>Religiosos</span> 
     </span>
     <span class='ocr_line' id='line_1_39' title="bbox 446 5074 3823 5207; baseline 0.001 -39"><span class='ocrx_word' id='word_1_387' title='bbox 446 5081 1178 5191; x_wconf 78' lang='lat' dir='ltr'>supranominatos</span> <span class='ocrx_word' id='word_1_388' title='bbox 1242 5074 1347 5161; x_wconf 91' lang='lat' dir='ltr'>ad</span> <span class='ocrx_word' id='word_1_389' title='bbox 1396 5080 1670 5174; x_wconf 73' lang='lat' dir='ltr'>officia</span> <span class='ocrx_word' id='word_1_390' title='bbox 1718 5086 1837 5171; x_wconf 86' lang='lat' dir='ltr'>eis</span> <span class='ocrx_word' id='word_1_391' title='bbox 1878 5089 2365 5198; x_wconf 84' lang='lat' dir='ltr'>&#39;respective</span> <span class='ocrx_word' id='word_1_392' title='bbox 2439 5086 2932 5174; x_wconf 83' lang='lat' dir='ltr'>demandata</span> <span class='ocrx_word' id='word_1_393' title='bbox 2969 5153 2995 5191; x_wconf 92' lang='lat'>,</span> <span class='ocrx_word' id='word_1_394' title='bbox 3059 5087 3561 5207; x_wconf 84' lang='lat' dir='ltr'>illorumque</span> <span class='ocrx_word' id='word_1_395' title='bbox 3627 5087 3823 5172; x_wconf 63' lang='lat' dir='ltr'>libe</span> 
     </span>
     <span class='ocr_line' id='line_1_40' title="bbox 426 5199 3825 5323; baseline 0.001 -37"><span class='ocrx_word' id='word_1_396' title='bbox 426 5226 637 5286; x_wconf 81' lang='lat' dir='ltr'>rum</span> <span class='ocrx_word' id='word_1_397' title='bbox 694 5199 1170 5284; x_wconf 85' lang='lat' dir='ltr'>exercitium</span> <span class='ocrx_word' id='word_1_398' title='bbox 1218 5200 1443 5311; x_wconf 80' lang='lat' dir='ltr'>juxta</span> <span class='ocrx_word' id='word_1_399' title='bbox 1522 5200 1999 5290; x_wconf 87' lang='lat' dir='ltr'>earumdem</span> <span class='ocrx_word' id='word_1_400' title='bbox 2056 5225 2436 5293; x_wconf 88' lang='lat' dir='ltr'>tenorem</span> <span class='ocrx_word' id='word_1_401' title='bbox 2487 5212 3039 5323; x_wconf 84' lang='lat' dir='ltr'>praesentium</span> <span class='ocrx_word' id='word_1_402' title='bbox 3093 5211 3492 5321; x_wconf 83' lang='lat' dir='ltr'>recipiant</span> <span class='ocrx_word' id='word_1_403' title='bbox 3554 5227 3635 5293; x_wconf 91' lang='lat' dir='ltr'>et</span> <span class='ocrx_word' id='word_1_404' title='bbox 3683 5206 3825 5293; x_wconf 86' lang='lat' dir='ltr'>ad-</span> 
     </span>
     <span class='ocr_line' id='line_1_41' title="bbox 428 5319 3828 5444; baseline 0.003 -38"><span class='ocrx_word' id='word_1_405' title='bbox 428 5321 789 5406; x_wconf 80' lang='lat' dir='ltr'>mittant</span> <span class='ocrx_word' id='word_1_406' title='bbox 823 5353 863 5430; x_wconf 82' lang='lat'>3·</span> <span class='ocrx_word' id='word_1_407' title='bbox 914 5319 1375 5434; x_wconf 78' lang='lat' dir='ltr'>illisque‘in</span> <span class='ocrx_word' id='word_1_408' title='bbox 1429 5322 1815 5409; x_wconf 85' lang='lat' dir='ltr'>o&#39;mnibus</span> <span class='ocrx_word' id='word_1_409' title='bbox 1898 5321 2187 5412; x_wconf 82' lang='lat' dir='ltr'>eadem</span> <span class='ocrx_word' id='word_1_410' title='bbox 2265 5324 2535 5444; x_wconf 82' lang='lat' dir='ltr'>officia</span> <span class='ocrx_word' id='word_1_411' title='bbox 2599 5329 3293 5418; x_wconf 80' lang='lat' dir='ltr'>concernentihus</span> <span class='ocrx_word' id='word_1_412' title='bbox 3357 5324 3682 5415; x_wconf 84' lang='lat' dir='ltr'>faveant</span> <span class='ocrx_word' id='word_1_413' title='bbox 3741 5352 3828 5418; x_wconf 86' lang='lat' dir='ltr'>et</span> 
     </span>
     <span class='ocr_line' id='line_1_42' title="bbox 437 5439 3736 5562; baseline 0.005 -38"><span class='ocrx_word' id='word_1_414' title='bbox 437 5439 889 5543; x_wconf 84' lang='lat' dir='ltr'>assistant,</span> <span class='ocrx_word' id='word_1_415' title='bbox 955 5461 1462 5556; x_wconf 80' lang='lat' dir='ltr'>pareantque</span> <span class='ocrx_word' id='word_1_416' title='bbox 1513 5464 1595 5528; x_wconf 89' lang='lat' dir='ltr'>et</span> <span class='ocrx_word' id='word_1_417' title='bbox 1643 5442 2043 5530; x_wconf 87' lang='lat' dir='ltr'>obediant</span> <span class='ocrx_word' id='word_1_418' title='bbox 2106 5449 2579 5562; x_wconf 76' lang='lat' dir='ltr'>respective.</span> <span class='ocrx_word' id='word_1_419' title='bbox 3731 5465 3736 5472; x_wconf 83' lang='lat'>&#39;</span> 
     </span>
    </p>
   </div>
   <div class='ocr_carea' id='block_1_2' title="bbox 476 5554 3830 5776">
    <p class='ocr_par' dir='ltr' id='par_1_12' title="bbox 476 5554 3830 5776">
     <span class='ocr_line' id='line_1_43' title="bbox 476 5554 3830 5776; baseline 0.012 -140"><span class='ocrx_word' id='word_1_420' title='bbox 476 5615 507 5623; x_wconf 83' lang='lat'>--</span> <span class='ocrx_word' id='word_1_421' title='bbox 569 5567 648 5664; x_wconf 66' lang='grc' dir='ltr'>ς.</span> <span class='ocrx_word' id='word_1_422' title='bbox 710 5559 799 5764; x_wconf 55' lang='lat'>3.</span> <span class='ocrx_word' id='word_1_423' title='bbox 855 5554 1626 5764; x_wconf 75' lang='lat' dir='ltr'>AcHdecernentes&#39;,</span> <span class='ocrx_word' id='word_1_424' title='bbox 1695 5561 2025 5654; x_wconf 86' lang='lat' dir='ltr'>easdem</span> <span class='ocrx_word' id='word_1_425' title='bbox 2075 5592 2541 5683; x_wconf 84' lang='lat' dir='ltr'>praesentes</span> <span class='ocrx_word' id='word_1_426' title='bbox 2600 5570 2869 5660; x_wconf 88' lang='lat' dir='ltr'>literas</span> <span class='ocrx_word' id='word_1_427' title='bbox 2892 5587 3254 5776; x_wconf 53' lang='lat' dir='ltr'>R&#39;semper</span> <span class='ocrx_word' id='word_1_428' title='bbox 3302 5572 3580 5672; x_wconf 86' lang='lat' dir='ltr'>firmas</span> <span class='ocrx_word' id='word_1_429' title='bbox 3627 5590 3830 5677; x_wconf 81' lang='lat' dir='ltr'>vali-</span> 
     </span>
     <span class='ocr_line' id='line_1_44' title="bbox 778 5680 2984 5776; baseline 0.027 -15"><span class='ocrx_word' id='word_1_430' title='bbox 778 5680 953 5762; x_wconf 76' lang='lat' dir='ltr'>bm.</span> <span class='ocrx_word' id='word_1_431' title='bbox 1061 5742 1080 5763; x_wconf 93' lang='lat'>.</span> <span class='ocrx_word' id='word_1_432' title='bbox 2234 5709 2239 5716; x_wconf 50' lang='grc'><strong>”</strong></span> <span class='ocrx_word' id='word_1_433' title='bbox 2947 5693 2984 5776; x_wconf 72' lang='grc' dir='ltr'><strong>Ῑ</strong></span> 
     </span>
    </p>
   </div>
  </div>
 </body>
</html>
