4834 6409
977 603 1259 738 Ama
1320 607 1827 712 PARITER
1882 605 2689 734 'ALLOQUUTIO
2748 606 3244 752 HABITA·-
3361 683 3368 690 .
3443 677 3452 688 .
3547 618 3556 628 ·

1108 867 1209 954 In
1257 813 1782 956 consistorio
1823 883 2146 955 secreto
2184 860 2329 954 die
2371 867 2465 952 6.
2510 819 2715 949 Maii
2751 809 3046 980 ’17205

1200 1243 1205 1252 .
1588 1107 1695 1198 A
1685 1106 1948 1197 RGU
1937 1104 2242 1197 ΜΕΝ
2238 1103 2416 1194 TU
2405 1106 2558 1195 Μ

385 1354 1005 1475 Profectionem
1100 1348 1675 1438 Patrius-chae
1722 1345 2327 1440 Alexandrini
2407 1343 2540 1431 ad'
2611 1347 3074 1434 Civitatem·
3169 1342 3262 1429 U
3254 1340 3777 1474 hessipomn·

505 1501 682 1565 sem
716 1537 742 1583 ,
806 1490 893 1560 et
978 1474 1446 1588 praecipua
1505 1470 1841 1558 honoris
1874 1537 1911 1578 ,.
1986 1467 2603 1558 benevolentiae
2647 1530 2684 1576 ,.
2736 1497 2843 1553 ae
2907 1461 3443 1551 liberalitatis
3515 1481 3772 1579 argw

509 1613 791 1683 menta
818 1659 854 1703 ,
909 1595 1217 1712 quibus
1275 1622 1331 1676 a
1393 1592 1627 1711 Rege·
1666 1592 2167 1678 Lusitaniae
2231 1605 2648 1706 exceptus·
2674 1649 2701 1698 ,
2761 1604 2845 1672 et
2884 1581 3420 1702 postmodam
3478 1579 3596 1667 ad
3623 1579 3774 1671 ,Si-

513 1749 669 1804 nas
725 1716 1024 1803 honori
1019 1715 1573 1832 licentissime
1623 1712 2032 1801 dimissus·
2053 1707 2367 1828 fuerat
2398 1772 2439 1820 ,‚
2490 1708 2918 1833 eleganter
2951 1709 3361 1827 exponit.
3757 1731 3770 1746 ·

1603 1955 2153 2045 venerabiles
2206 1954 2571 2044 Fratres.

523 2109 981 2287 Dudum
1026 2195 1299 2284 Vobis
1350 2226 1450 2285 ex
1507 2198 1679 2286 hoo·
1718 2197 1916 2286 ioco·
1965 2196 2614 2312 significavimus
2651 2261 2677 2306 ‚
2743 2189 3063 2318 quibus·
3117 2194 3534 2282 rationum
3592 2217 3778 2276 mo-

392 2323 705 2408 mentis
766 2316 1105 2406 adducti
1171 2318 1709 2408 visitatorem
1767 2322 2345 2434 Apostolicum
2406 2318 2517 2407 ad
2582 2321 2818 2406 Sinas
2851 2380 2877 2425 ,
2945 2316 3280 2434 aliaque·
3338 2310 3772 2400 Indiarum

395 2438 955 2528 Orientalium
1023 2438 1308 2550 Regna
1405 2437 2167 2529 destinaverimnst
2242 2442 2568 2560 quibus-¹
2616 2438 2913 2528 itidem
2969 2434 3502 2523 facultatibus
3548 2495 3574 2540 ‚
3672 2461 3772 2518 ac

390 2564 815 2674 mandatis
877 2564 1382 2645 instructum·
1444 2559 1556 2647 ad
1621 2560 2039 2675 ejusmodi
2118 2562 2651 2648 Provinciam
2726 2558 3322 2648 Venerabilem
3396 2554 3773 2641 Fratrem

394 2669 805 2788 Catulum·
870 2680 1413 2766 Ambrosium
1474 2679 2041 2767 Patriarcham
2121 2680 2788 2767 Alexandrinum·
2866 2676 3490 2787 delegerimus:
3559 2669 3774 2790 quid
3909 2705 3916 2712 ·

401 2797 747 2887 demum
797 2801 1061 2886 Nobis
1123 2803 1444 2887 consilii
1508 2799 1758 2888 fuerit
1805 2863 1848 2906 ‚,
1900 2832 2099 2887 cum
2146 2800 2385 2886 illum
2437 2832 2587 2915 per.
2636 2799 3156 2885 Lusitaniam
3212 2797 3366 2881 iter
3424 2815 3710 2879 tenere
3746 2855 3781 2916 ,ι

403 2943 665 3039 atque·
717 2919 922 3007 inde
982 2924 1069 3005 in
1119 2921 1363 3006 Sinas
1404 2923 1730 3011 solvere
1771 2919 2327 3010 decrevimus*
2384 2918 2668 3008 Hodie
2722 2920 3194 3005 miserentis·
3233 2914 3401 3001 Dei
3444 2927 3603 3029 ope
3651 2944 3778 2999 sa·

396 3041 871 3126 luberrimo
925 3038 1135 3124 huic
1175 3045 1407 3154 operi
1455 3040 2142 3147 obsecundante,
2193 3073 2587 3157 prospera
2632 3038 2949 3128 arduae
3001 3035 3267 3154 huj'ns
3319 3031 3774 3151 expeditio-

403 3163 544 3244 nis
598 3160 963 3274 auspicia·
1029 3159 1289 3243 Vobis
1340 3192 1441 3247 ex
1511 3160 1811 3249 eodem
1868 3163 2063 3250 loco
2115 3166 2738 3250 renunciamus..
2790 3161 3120 3246 Eximi'a
3167 3160 3397 3245 enim
3444 3153 3781 3241 Charis⁶

399 3281 590 3364 simi·
650 3282 739 3364 in
791 3277 1133 3364 Christo
1175 3279 1364 3366 Filii
1432 3281 1713 3368 Nostri
1769 3281 2123 3369 Joannis
2161 3284 2768 3397 Portugalliae‚
2823 3304 2912 3369 et
2957 3278 3555 3391 Algarbiorum
3606 3276 3769 3363 Re-

399 3401 530 3511 gis
568 3399 915 3485 illustris
979 3402 1294 3512 pietas,
1360 3410 1710 3523 ejusque
1786 3407 1877 3488 in-
1923 3402 2147 3490 hanc
2191 3405 2583 3492 Sanctam
2658 3400 2964 3491 Sed'em
3025 3391 3486 3488 reverentia
3524 3460 3549 3502 ‚
3617 3425 3778 3484 nec

398 3550 575 3606 non
637 3517 1116 3607 dilatandae
1194 3525 1313 3608 rei
1389 3524 1919 3611 Christianae·
1994 3521 2365 3611 studium
2454 3527 2687 3636 regio
2755 3526 3044 3610 animo
3114 3518 3772 3632 dignissimum,-

396 3671 583 3757 spes
649 3664 974 3727 nostras
1026 3638 1143 3728 de
1194 3643 1734 3733 conciliando
1793 3648 2215 3759 susceptis·
2257 3647 2626 3732 consiliis
2695 3644 2986 3757 Regali
3042 3642 3502 3759 patrocinio
3566 3660 3778 3725 ratas

399 3757 601 3849 fecit
634 3797 672 3873 3,
721 3758 1249 3876 praedictum
1294 3767 1620 3853 scilicet
1684 3764 2251 3852 Patriarcham
2331 3768 2808 3881 praecipuis
2870 3764 3218 3852 honoris
3288 3761 3778 3848 testimoniis

396 3903 891 3998 prosecutus
932 3886 1496 3973 amantissime
1534 3887 1857 4002 excepit
1886 3948 1921 3994 ,.
1979 3883 2438 3974 liberaliter
2467 3888 2847 3974 tractavit
2873 3948 2906 3991 ,
2937 3880 3772 4006 honorificentissime

404 3999 719 4090 dimisit
751 4035 782 4086 :-
839 4033 944 4088 ac
987 4034 1161 4088 non·
1206 3997 1469 4092 modo
1509 4008 1809 4113 illum,
1867 4011 2227 4125 ejusque
2265 4037 2551 4094 sacrae
2606 4007 2956 4092 militiae
3025 4005 3299 4090 socios
3348 4004 3702 4116 pecunia
3739 4063 3765 4108 ,

402 4144 492 4211 et
550 4145 1022 4211 commeatu
1068 4126 1512 4234 instruxit,
1567 4127 1802 4213 nauli
1873 4129 2291 4244 impensas
2356 4159 2458 4235 ex
2517 4129 2750 4240 regio
2835 4156 2996 4211 suo·
3050 4125 3373 4212 aerario
3437 4150 3779 4232 erogans

407 4240 567 4329 das.
638 4233 1073 4330 mandavit
1115 4306 1150 4347 ‚.
1206 4275 1490 4367 neque
1554 4243 1775 4332 'ullas
1820 4246 2466 4335 benevolentiae·
2518 4271 2800 4361 partes
2849 4247 3012 4332 sibi
3074 4246 3437 4365 reliquas·
3503 4240 3705 4328 fecit
3738 4279 3776 4356 3.

402 4392 709 4451 vernm·
752 4364 1007 4448 etiam
1062 4366 1453 4478 injuncto
1493 4368 1577 4452 ei
1624 4399 1673 4452 a
1717 4366 1978 4453 Nobis
2026 4371 2359 4455 muneri
2418 4369 2707 4454 uti-lius
2744 4431 2782 4475 ,
2836 4398 2942 4455 ac
2978 4364 3312 4453 felicius
3351 4362 3789 4472 obeundo,

408 4479 645 4602 quod
688 4483 1218 4598 potissimum
1274 4485 1824 4602 optabamus,
1876 4485 2187 4600 Regiae
2239 4519 2446 4575 snae
2484 4491 3002 4576 auctoritatis
3049 4484 3560 4604 praesidium
3608 4517 3783 4573 am·

406 4603 783 4720 plissime
835 4602 1263 4719 pollicitus
1298 4606 1491 4695 suit..
1549 4607 1987 4696 Praeterea
2047 4607 2614 4697 patriarcham
2672 4611 2956 4725 ipsum
2999 4610 3413 4722 graviter,
3481 4639 3577 4693 ac
3638 4638 3780 4692 sa-

411 4728 748 4841 pienter
782 4753 945 4839 per
995 4724 1210 4815 haec
1250 4760 1534 4816 rerum
1577 4726 2143 4817 curandarum
2186 4731 2424 4816 initia<
2470 4757 2568 4816 se
2618 4734 3018 4844 gessisse,
3077 4760 3182 4815 ac·
3228 4752 3501 4815 nostra
3565 4723 3798 4843 apud

413 4843 905 4932 Lusitanam
952 4847 1265 4935 Aulam
1307 4847 1702 4938 mandata
1744 4848 2207 4965 prudenter
2237 4913 2274 4957 r
2328 4847 2761 4959 fideliter,
2814 4883 2920 4938 ac
2970 4847 3330 4938 feliciter
3372 4848 3788 4964 implevis-

409 4995 509 5053 se
562 4968 821 5078 gavisi·
876 4995 1199 5054 sumus,
1258 4972 1657 5089 Aequum·
1704 4969 2029 5058 idcirco
2079 4974 2568 5058 censuimus·
2605 4974 2813 5061 Faeta
2876 4970 3092 5059 haec
3141 4969 3252 5076 ad
3313 4972 3790 5060 animarum
3915 4967 3918 4972 ’

415 5085 766 5173 salntem
797 5145 823 5192 ‚
890 5085 1336 5207 divinique
1375 5093 1747 5176 nominis
1786 5092 2136 5204 gloriam
2192 5089 2869 5209 amplificandam
2911 5089 3365 5207 primordia
3409 5155 3445 5198 ,.
3506 5109 3792 5175 tamet-

409 5193 479 5292 si
528 5203 745 5295 fama
794 5210 966 5324 ipsa
1035 5212 1499 5298 nunciante
1533 5203 2005 5331 unicuiqne
2055 5209 2456 5300 Vestrum
2512 5244 2610 5300 ea
2670 5219 2845 5329 jam
2899 5215 3363 5300 innotuisse
3403 5241 3577 5296 non·
3637 5205 3792 5293 dn·

411 5328 778 5416 bitenius
812 5390 838 5435 ‚
903 5327 1372 5418 Vobiscum
1418 5334 1512 5417 in
1554 5328 1721 5417 hac
1760 5330 2336 5419 Consistoriali
2393 5335 2617 5422 Aula
2664 5338 3187 5448 eon-gregatis
3239 5326 3793 5418 honorificen-

418 5451 582 5535 tius
632 5455 1309 5567 'communicare3
1367 5471 1466 5541 ut
1510 5454 1629 5539 ita
1671 5451 2001 5539 animos-
2040 5476 2357 5542 vestros
2411 5462 2845 5543 communi·
2905 5454 3368 5541 Nobiscum
3428 5453 3796 5539 solicitu-

421 5566 629 5659 dine
667 5567 776 5660 de
825 5593 999 5658 tam
1047 5577 1424 5691 ancipitis
1449 5637 1486 5682 ‚.
1525 5568 1679 5663 sed
1714 5593 2007 5661 tamen
2051 5575 2428 5663 salutaris
2455 5640 2494 5685 ‚.
2543 5609 2650 5665 ac
2693 5579 3201 5665 necessariae
3243 5572 3798 5692 expeditionis,

390 5721 803 5781 successu
846 5725 1291 5814 suspensos
1339 5694 1883 5788 laetificemus
1932 5730 1964 5783 τ
2020 5697 2439 5819 simulque
2487 5696 2600 5786 ad
2659 5727 2946 5819 preces
3008 5693 3350 5790 divinae
3424 5695 3788 5783 bonitati
