4834 6409
1068 425 1252 525 3501
4510 488 4519 495 .

1071 540 1262 639 rum
1307 612 1347 653 ,
1402 544 1804 639 officinas
1853 609 1878 654 ,
1919 561 2030 636 iet
2071 542 2676 639 Monaeborum
2727 545 3019 642 Cellas.
3086 547 3423 637 Portam
3469 544 3946 633 Monast'erii
3990 542 4281 633 claudi
4314 540 4435 632 fa-

1071 671 1240 757 ciat
1285 667 1483 757 hora
1529 672 2094 782 ‚competa-nti,
2147 670 2582 790 clavesque
2628 670 2821 780 sibi,
2858 671 3013 761 ‚vel
3072 668 3405 757 Vicat-io
3470 663 3707 753 tradi.
3771 665 4207 791 Discursus
4256 728 4284 774 ‚
4352 688 4437 752 et

1072 793 1541 899 vagationes
1603 787 2210 879 Monachmmn
2241 852 2266 897 ,
2321 799 2669 879 maxime
2716 794 3140 907 juniorum
3204 811 3690 904 compescat.
3741 787 4055 896 Jurgia,
4109 808 4192 874 et
4238 817 4437 872 con·

1076 912 1483 999 tentiones
1534 913 1747 999 inter
1798 908 1941 997 ¹eos
2003 935 2218 997 ortas
2279 936 2776 1025 componat:
2816 912 3023 999 Nec
3070 916 3488 1026 permittat
3551 912 3641 994 in
3704 907 4202 994 Monasterio
4265 936 4437 992 esse

1075 1056 1302 1127 arma
1334 1093 1366 1134 ,
1415 1030 1547 1115 vel
1611 1035 2153 1117 instrumenta
2201 1034 2512 1117 musica
2564 1092 2589 1135 ,
2646 1039 2811 1120 aut‘
2841 1033 3094 1118 libros
3155 1061 3433 1117 vanos.
3501 1027 3652 1113 IX.
3724 1025 4204 1112 Ordinarias
4254 1048 4445 1137 tang

1079 1169 1262 1232 tum
1314 1153 1854 1262 poenitentias
1926 1150 2604 1270 delinquentibus
2656 1155 3077 1268 imponere
3125 1148 3429 1256 debet,
3497 1180 3707 1268 quae
3756 1149 3844 1231 in
3894 1144 4440 1259 Constitutio-

1083 1268 1332 1357 nibus
1415 1273 1996 1386 praescriptae·
2035 1293 2254 1357 sunt.
2316 1271 2724 1384 Delegare
2789 1294 3062 1359 autem
3126 1273 3426 1385 poterit
3473 1271 3804 1355 Vicario
3851 1330 3878 1374 ,
3946 1290 4042 1351 ut
4087 1297 4221 1353 eas
4270 1268 4439 1381 ipse

1081 1391 1579 1502 praescribat
1627 1452 1652 1497 ,
1730 1392 1864 1476 vel
1915 1392 2080 1500 legi
2121 1394 2206 1475 in
2243 1388 2739 1478 Refectorio
2799 1394 3267 1509 praecipiat.
3330 1388 3442 1473 X.
3511 1388 3609 1473 In
3665 1389 3763 1472 iis
3796 1448 3821 1493 ,
3889 1418 4104 1504 quae
4154 1383 4263 1472 ad
4323 1387 4445 1472 vi·

1095 1529 1320 1593 ctum
1361 1572 1383 1615 ,
1449 1514 1891 1615 vestitum,
1954 1508 2545 1597 habitationem
2598 1573 2623 1618 ,
2689 1536 2772 1598 et
2830 1512 2984 1598 alia
3061 1512 3504 1597 necessaria
3576 1511 3994 1623 pertinent
4038 1569 4064 1612 ,
4130 1527 4365 1592 curet
4412 1566 4440 1611 ,

1093 1647 1187 1710 ut
1233 1634 1606 1744 quamvis
1667 1634 1770 1715 sit
1817 1693 1846 1732 ,
1907 1632 1991 1714 in
2043 1661 2214 1746 quo
2263 1634 2576 1737 virtuS,
2644 1654 2725 1739 et
2804 1635 2931 1717 sui
2984 1631 3418 1740 abnegatio
3466 1628 3863 1744 probetur
3898 1689 3923 1734 ,
3989 1656 4157 1712 non
4235 1623 4446 1711 desit

1090 1766 1362 1833 tamen
1397 1794 1452 1858 ,>
1485 1781 1652 1867 quo
1701 1774 2201 1837 sustentetur
2259 1773 2551 1837 natura
2603 1814 2625 1857 ,
2692 1750 2969 1837 habita
3032 1753 3344 1837 ratione
3406 1776 3937 1864 personarum
3982 1742 4446 1833 secundum

1082 1862 1387 1953 Deum.
1431 1872 1970 1980 Aegrotorum
2022 1868 2427 1957 habeatur
2477 1903 2671 1957 cura
2719 1902 3061 1983 magna,
3112 1894 3280 1956 tam
3330 1871 3416 1954 in
3473 1872 3743 1955 victus
3796 1868 4143 1981 ratione,
4192 1892 4441 1984 quam

1090 1984 1179 2068 in
1247 1991 1560 2075 ceteris.
1621 1989 1999 2103 Hospites
2051 2012 2223 2075 tum
2282 1990 2757 2077 Saeculares
2787 2054 2817 2095 ,
2881 2014 3058 2076 tum
3123 1988 3532 2099 Religiosi,
3591 1987 3950 2097 benigne
4002 1987 4445 2101 suscipian-

1092 2124 1276 2212 tur,
1341 2130 1422 2193 et
1457 2132 2075 2220 pertractentur.
2128 2112 2215 2194 Si
2267 2114 2401 2196 cui
2458 2113 2927 2224 particulari
2980 2107 3406 2227 quidpiam
3455 2106 3561 2193 ad
3608 2129 3927 2221 potum,
3977 2105 4119 2193 vel
4160 2105 4446 2191 cibum

1092 2228 1511 2336 pertinens
1558 2229 1670 2314 ab
1716 2253 2056 2315 externo
2079 2229 2359 2346 aliquo
2384 2233 2784 2335 mittatur,
2821 2227 2910 2315 id
2964 2234 3045 2314 in
3100 2258 3627 2314 communem
3679 2257 3921 2312 usum
3970 2227 4446 2340 accipiatur,

1090 2362 1175 2428 et
1195 2340 1743 2460 dispensetur.
1764 2348 1919 2435 XI.
1951 2348 2439 2464 Depositum
2468 2354 2866 2464 pecuniae
2896 2349 3220 2436 nullum
3258 2379 3583 2463 prorsus
3617 2343 4033 2432 admittat:
4074 2346 4449 2431 Aliarum

1091 2490 1288 2551 vero
1336 2496 1608 2552 rerum
1648 2499 1813 2559 non
1865 2471 2016 2557 uisi
2073 2471 2586 2580 cautissime,
2625 2468 3083 2559 dummodo
3121 2473 3299 2554 sine
3334 2499 3626 2579 magna
3677 2462 4133 2552 offensione
4168 2462 4255 2549 id
4306 2493 4446 2548 ne·

1098 2584 1265 2690 gari
1300 2592 1773 2701 noutpossit.
1820 2587 2019 2672 XII.
2073 2587 2299 2674 Lites
2334 2586 2818 2699 fugiendae3
2871 2620 3027 2676 nec
3074 2590 3357 2694 ullam,
3409 2584 3878 2673 inconsulto
3924 2584 4255 2701 Abbate
4289 2581 4487 2668 Ge·'

1089 2704 1380 2807 nerali,
1425 2729 1566 2792 aut
1596 2707 2101 2813 Provinciae,
2142 2708 2270 2793 vel
2305 2708 2372 2792 si
2409 2708 2790 2795 absentes
2820 2708 3171 2816 suerint,
3206 2729 3289 2794 et
3326 2729 3609 2818 urgeat
3645 2707 4076 2793 necessitas
4102 2766 4128 2811 ,
4168 2705 4452 2789 incon·

1094 2822 1307 2907 sulta
1358 2824 1962 2915 Monachorum
2021 2824 2729 2938 Congregatione,
2783 2832 3135 2915 intentet
3165 2892 3196 2933 ,
3244 2849 3390 2913 aut
3442 2831 3889 2915 intentatae
3940 2819 4446 2940 respondeat.

1091 2939 1333 3043 XIII.
1380 2945 1468 3029 Si
1515 2943 1938 3039 faciendae
1985 2949 2153 3035 sint
2195 2977 2594 3061 expensae
2643 2947 3360 3054 extraordinariae,
3410 2943 3546 3032 vel
3595 2943 3899 3029 fabrica
3948 2944 4225 3053 magni
4274 2971 4450 3028 mo-

1091 3065 1378 3167 menti,
1410 3066 1541 3149 vel
1579 3066 2166 3152 Monasterium
2200 3096 2383 3151 aere
2422 3067 2688 3152 alieno
2716 3064 3222 3178 gravandum
3262 3089 3408 3174 est,
3444 3063 3720 3151 habita
3752 3065 3976 3177 prius
4002 3058 4455 3147 Monacho-

1055 3198 1283 3264 “rum
1319 3180 2491 3301 Congregatione,fl.eorumque
2539 3190 2836 3299 potiori
2880 3211 3110 3302 parte
3159 3207 3604 3289 annuente,
3657 3212 3829 3267 rem
3878 3180 3986 3266 ab
4036 3181 4451 3295 Abbatem

1098 3295 1590 3395 Gener-‚alem
1650 3300 1984 3391 deferat.
2052 3304 2289 3391 XIV.
2351 3306 2532 3389 Etsi
2607 3309 3030 3421 proprium
3096 3305 3446 3391 Abba'tis
3507 3299 3908 3388 Officium
3952 3298 4097 3387 'est
4160 3300 4454 3386 Mona-

1095 3420 1434 3505 sterium
1479 3423 1639 3507 sibi
1689 3426 2217 3509 commissum
2292 3421 2730 3535 diligenter
2775 3425 3235 3536 gubernare
3271 3487 3297 3529 ,
3372 3452 3643 3541 neque
3701 3423 4166 3538 i‘s..propter
4213 3417 4450 3506 'aliud

1094 3535 1515 3652 quidpiam
1567 3539 2136 3629 huic‘muneri
2181 3541 2464 3649 'deesse
2513 3540 2819 3631 debetz
2886 3550 2949 3630 si
3003 3543 3340 3664 quando
3415 3525 3890 3659 tamen-fier
3957 3537 4246 3626 Officii
4323 3541 4454 3622 sui

1094 3662 1718 3772 occupationem
1783 3661 2067 3749 licebit
2100 3725 2124 3770 ,
2191 3666 2725 3766 concionari,
2786 3686 2871 3750 et
2920 3663 3467 3751 confessiones
3515 3654 3806 3748 audiri}
3867 3661 4193 3774 poterit.
4256 3659 4450 3743 XV.

1093 3781 1301 3864 Tam
1366 3779 1648 3867 Abbas
1682 3842 1707 3886 ,
1890 3813 2018 3866 am
2069 3814 2366 3871 ,omnes
2414 3781 2549 3865 alii
2617 3781 3095 3870 Sacerdotes
3146 3778 3595 3903 aliquando
3662 3781 4238 3864 intia.annum
4292 3773 4449 3862 Of-

1089 3896 1403 4007 ficium,
1458 3903 1588 3987 vel
1651 3900 1733 3988 Ο
1832 3903 1951 3986 cia
2003 3931 2285 3987 eorum
2323 3965 2352 4005 ‚
2415 3903 2558 4019 qui
2614 3902 3109 3990 Monasterio
3160 3905 3618 3990 inserviunt
3662 3962 3694 4001 ,
3755 3893 3861 3982 ad
3926 3922 4246 4012 tempus
4298 3899 4453 3982 ali-

1091 4017 1319 4136 quod
1367 4021 1725 4111 obibunt
1757 4084 1782 4129 ,
1845 4016 1950 4107 ad
1997 4022 2469 4109 exercitium
2548 4022 2964 4134 religiosae
3025 4023 3512 4109 humilitatis
3545 4083 3576 4124 ,
3624 4040 3709 4106 et
3767 4013 4445 4104 mortificationis.

2179 4204 2186 4211 ’
2281 4218 2292 4227 ’
2428 4194 2508 4342 ὀ
2573 4261 2651 4345 Α
2714 4262 2804 4347 Ρ.
2925 4263 3119 4349 vn.

2351 4595 2355 4599 ,
2479 4497 2616 4584 De
2681 4502 3061 4592 Vieario.

1211 4739 1275 4822 Ι.
1370 4740 1742 4830 Vicariua
1786 4743 2116 4853 eligitur
2176 4735 2281 4824 ab
2349 4739 2679 4828 Abbate
2727 4739 3246 4846 Monasterii,
3298 4744 3645 4859 ejusque
3696 4738 4097 4828 Officium
4151 4731 4444 4822 tandiu

1085 4857 1376 4965 durat,
1425 4860 1797 4978 quandiu
1848 4858 2248 4977 Officium
2301 4858 2707 4970 Abbatis3
2776 4866 2928 4947 n'ec
2990 4862 3095 4946 ab
3140 4890 3258 4946 -eo
3318 4866 3717 4948 removeri
3768 4859 4047 4964 debet,
4118 4858 4267 4942 nisi
4335 4853 4443 4939 de

1093 5004 1498 5066 consensu
1555 4980 2230 5094 congregationis
2283 4979 2953 5067 Monachorum.
3034 4981 3248 5095 Ejus
3321 5003 3596 5066 autem
3674 4982 3906 5080 locus
3964 4982 4069 5062 sit
4136 4980 4449 5090 primus

1098 5124 1282 5214 post
1355 5100 1764 5187 Abbatem
1814 5166 1843 5206 ‚
1928 5123 2012 5188 et
2071 5120 2252 5214 post
2301 5130 2437 5185 eos
2486 5163 2510 5204 ‚
2575 5103 2717 5217 qui
2773 5100 3121 5186 Abbatis
3170 5097 3596 5193 Generalis
3646 5162 3671 5205 ‚
3732 5100 3868 5184 vel
3922 5097 4450 5211 Hegumeno³

1093 5250 1281 5306 rum
1355 5216 1632 5311 officio
1690 5218 1953 5308 functi
2004 5232 2221 5306 sunt.
2288 5219 2394 5302 ΙΙ.
2487 5219 2801 5304 Munus
2884 5221 3416 5334 praecipuum
3494 5217 3797 5304 Vicarii
3861 5241 3982 5303 est
4032 5216 4453 5300 Abbatem

1092 5341 1382 5452 juvare
1429 5341 1511 5424 in
1568 5342 1665 5427 iis
1700 5403 1725 5448 ,
1789 5371 2005 5460 quae
2053 5342 2138 5431 iu
2189 5368 2515 5451 genere,
2577 5340 2714 5427 vel
2762 5340 3368 5452 inraparticulari
3418 5340 3493 5423 ei
3544 5335 4159 5424 commendabit
4209 5370 4228 5416 ε
4302 5354 4501 5419 nec·

1096 5455 1687 5575 dispensandi,
1767 5459 1911 5549 aut
1963 5455 2340 5547 mutandi
2391 5520 2417 5564 ,
2501 5483 2646 5545 aut
2705 5457 3133 5573 quidpiam
3182 5453 3533 5545 faciendi
3589 5521 3617 5561 ,
3680 5459 3851 5542 nisi'
3912 5486 4010 5542 ex
4084 5450 4461 5567 ejusdem

1029 5621 1042 5633 ·
1083 5581 1581 5696 praescripto
1616 5646 1640 5690 ,
1691 5579 2164 5673 facultatem
2215 5576 2580 5669 habebit.
2647 5579 2794 5664 111.
2864 5580 3233 5668 Absente
3281 5578 3611 5664 Abbat'e
3660 5569 4259 5691 omnia-facere
4304 5600 4450 5687 po·
