4834 6409
3435 235 3472 272 ἱ

1015 497 1317 586 varum
1365 491 1934 580 doctrinarum
1978 486 2415 580 mendacia
2464 489 2999 583 multifariam
3050 497 3684 611 permiscentem
3718 560 3743 607 ,
3811 497 4086 590 adliuc
4141 525 4426 596 tamen·

1029 647 1434 739 tanquam
1487 614 1596 701 ab
1640 614 1872 698 omni
1922 643 2202 700 errore
2252 615 2742 702 ›immunem
2793 679 2819 720 ,
2884 650 2927 704 a
2968 615 3364 733 pluribus
3412 615 3697 706 haberi
3749 682 3776 728 ,
3841 621 4158 712 Christi
4209 621 4424 724 fide:-

1029 743 1241 827 linm
1290 736 1680 825 manibus
1740 736 2045 848 passim
2110 732 2507 843 obtrudi,
2574 768 2671 823 ac
2740 740 3340 826 nonnullorum
3404 771 3618 828 nova
3693 761 4020 858 semper
4077 767 4413 831 tentan-

1033 866 1248 950 tium
1284 859 1680 964 consilio,
1714 877 1804 941 et
1849 885 2095 972 opera
2147 854 2510 942 studiose
2560 861 3513 980 nimisquaquaversum
3564 858 4133 972 disseminari,
4164 869 4426 973 etiams

1038 984 1300 1070 latine
1366 975 1841 1083 redditum,
1905 1002 2005 1062 ut
2048 980 2558 1092 perniciosae
2600 977 3138 1069 institutionis
3186 985 3658 1094 contagium
3699 1046 3722 1090 ,
3787 987 3852 1068 si
3901 983 4079 1072 fieri
4130 970 4403 1101 possit:

1038 1124 1550 1220 pertranseat
1594 1097 1704 1184 de
1754 1122 1999 1209 gente
2083 1102 2168 1187 in
2247 1122 2573 1210 gentem
2624 1166 2649 1208 ,
2716 1125 2799 1189 et
2861 1101 2970 1191 de
3019 1103 3305 1215 Regno
3370 1100 3472 1189 ad
3540 1105 3944 1217 populum
3995 1106 4344 1193 alterum
4386 1170 4411 1212 ,

1043 1227 1398 1316 versutis
1461 1217 1942 1336 hujusmodi
1990 1218 2623 1308 seductionibus
2655 1288 2686 1329 ‚
2742 1247 2993 1344 atquc
3062 1223 3406 1311 fallaciis
3462 1224 3878 1333 creditum
3954 1226 4197 1313 nobis
4238 1225 4437 1333 DQ·

1045 1351 1455 1436 minicum
1505 1342 1870 1452 Gregem
1924 1344 2023 1426 in.
2061 1346 2293 1429 viam·
2330 1341 2816 1457 perditionis
2861 1348 3166 1432 sensim
3215 1342 3520 1434 abduci
3570 1377 4093 1462 summopere
4144 1333 4416 1434 dolui-

1047 1500 1300 1578 mus5
1362 1463 1741 1581 adeoque
1786 1462 2219 1550 Pastoralis
2266 1496 2432 1550 non
2483 1466 2761 1554 minus
2810 1498 3055 1553 curae
3103 1488 3426 1553 nostrae
3485 1467 3903 1573 stimulis,¹
3943 1497 4196 1586 qnam
4256 1464 4415 1556 fre-

1051 1586 1507 1708 quentibus
1584 1582 2080 1672 orthodoxae
2164 1583 2400 1670 Fidei
2454 1587 2930 1673 Zelatorum
3004 1586 3412 1704 querelis,
3476 1591 3829 1673 maxime
3915 1619 4109 1694 vero
4194 1617 4418 1674 com-

1053 1713 1425 1825 plurium
1473 1703 2103 1795 venerabilium
2154 1706 2604 1814 Fratrum,
2666 1711 3143 1821 praesertim
3204 1706 3527 1793 Galliae
3565 1708 4176 1822 Episcoporum
4239 1708 4417 1794 lite-

1049 1835 1164 1918 ris
1206 1895 1231 1937 ,
1295 1862 1387 1915 ac
1438 1828 1829 1942 precibus
1888 1830 2210 1914 excitati
2248 1893 2278 1932 ,
2327 1829 2696 1938 gliscenti
2749 1828 3101 1934 morbo,
3151 1829 3294 1944 qui
3347 1823 3594 1913 etiam
3645 1826 4096 1947 aliquando
4144 1853 4420 1941 posset

1052 1954 1141 2038 in
1198 1950 1598 2036 deteriora
1648 1979 2028 2068 quaeque
2070 1978 2558 2064 proruere,
2622 1947 3004 2042 validiori
3053 1949 3364 2065 ‚aliquo
3442 1945 3810 2035 remedio
3889 1949 4222 2038 obviam
4300 1952 4417 2035 ire

1054 2070 1605 2160 decrevimus,

1172 2197 1237 2294 S.
1313 2225 1391 2279 2.
1454 2192 1576 2282 Et
1617 2188 1960 2310 quidem
2013 2188 2119 2275 ad
2171 2193 2431 2306 ipsam
2507 2192 2965 2301 ingruentis
3045 2189 3242 2275 mali
3307 2220 3635 2275 causam
3699 2187 4044 2304 provide
4094 2216 4418 2279 nostrae

1060 2312 1745 2400 considerationis
1841 2314 2236 2396 intuitum
2307 2336 2879 2402 convertentes
2927 2374 2954 2417 ‚
3031 2313 3465 2424 perspicue
3549 2315 3931 2395 novimus
4015 2343 4424 2399 summam

1047 2431 1532 2549 hujusmodi
1622 2433 1809 2519 libri
1859 2434 2309 2546 perniciem
2361 2428 2550 2516 ideo
2632 2434 3147 2544 potissimum
3203 2426 3642 2543 progredi,
3703 2453 3785 2515 et
3859 2432 4357 2520 invalescere
4394 2497 4418 2539 ,

1055 2553 1287 2674 quod
1337 2551 1624 2641 eadem
1680 2556 1904 2637 intus
1953 2553 2198 2638 lateat
2228 2615 2260 2655 ,
2323 2575 2408 2636 et
2453 2551 2691 2637 velut
2735 2549 3109 2665 improba
3160 2553 3477 2656 sanies,
3542 2552 3876 2635 nonnisi
3927 2573 4153 2638 secto
4203 2554 4426 2651 ulcer

1051 2706 1145 2766 re
1206 2672 1421 2768 foras
1488 2697 1922 2785 erumpat3
1987 2670 2208 2756 Cum
2264 2672 2474 2757 liber
2525 2674 2694 2784 ipse
2755 2675 3026 2784 primo
3087 2695 3420 2784 aspectu
3472 2671 4162 2784 legentes‘specie
4219 2693 4425 2792 qua>

1048 2793 1620 2910 dampietatis
1672 2794 2000 2902 illiciat3
2053 2792 2349 2877 molliti
2399 2795 2622 2878 enim
2675 2816 2870 2875 sunt
2904 2822 3321 2877 sermones
3372 2794 3551 2904 ejus
3601 2822 3849 2904 super
3897 2794 4223 2879 oleum:
4279 2793 4425 2881 sed

1047 2918 1207 3032 ipsi
1254 2939 1452 3001 sunt
1500 2916 1770 3028 jacula
1802 2976 1831 3020 ,
1899 2936 1982 2998 et
2029 2910 2368 3028 quidem
2425 2915 2749 2996 intento
2815 2944 3012 2997 arcu
3065 2914 3172 2996 ita
3223 2908 3329 2996 ad
3376 2908 3848 2997 nocendum
3914 2937 4191 3027 parata
4233 2980 4262 3019 ‚
4326 2924 4422 3001 ut

982 3095 988 3100 -
1052 3040 1442 3149 sagittent
1487 3037 1574 3119 in
1621 3033 1978 3120 obscuro
2028 3056 2291 3130 rectos
2339 3029 2619 3117 corde·
2683 3029 2917 3117 Nihil
2966 3054 3392 3148 propterea
3441 3035 3987 3146 opportunius
4022 3096 4047 3139 ,
4103 3056 4246 3119 ant
4291 3067 4415 3123 saq

1053 3158 1382 3243 lubrins
1442 3158 1832 3270 praestari
1884 3187 1927 3239 a
1980 3152 2226 3250 nobis
2290 3181 2527 3267 posse
2577 3151 2944 3239 arbitrati
2993 3183 3280 3237 sumus
3313 3215 3338 3259 ,
3391 3183 3641 3270 quam
3694 3155 3760 3237 si
3812 3149 4188 3242 fallacem
4228 3154 4422 3239 libri

1054 3275 1519 3365 doctrinam
1569 3279 2022 3388 generatim
2073 3270 2596 3360 solummodo
2644 3304 2687 3356 a
2739 3274 2979 3362 nobis
3037 3271 3441 3358 hactenus
3492 3270 3936 3358 indicatam
3967 3335 3992 3378 ,
4047 3275 4424 3388 pluribus

1058 3399 1534 3511 singillatim
1586 3428 1681 3483 ex
1730 3429 1832 3483 eo
1890 3389 2287 3508 excerptis
2332 3394 3031 3510 propositionibus
3065 3456 3091 3498 ,
3157 3390 3625 3478 distinctius
3657 3454 3684 3498 ,
3736 3414 3820 3477 et
3867 3398 4230 3508 apertius
4292 3426 4440 3485 ex-.

1056 3521 1554 3636 plicaremus
1588 3580 1613 3624 ,
1677 3541 1925 3636 atque
1974 3519 2381 3603 universis
2431 3514 2741 3600 Christi
2804 3512 3192 3601 fidelibus
3259 3516 3494 3608 noxia
3545 3515 4051 3598 zizaniorum
4114 3518 4427 3604 semina

1067 3637 1763 3728 e-medio.tritici
1796 3702 1821 3744 ,
1864 3670 2058 3755 ,quo
2106 3636 2597 3749 tegebantur
2630 3698 2656 3743 ,
2740 3634 3038 3722 educta
3069 3697 3095 3742 ,
3156 3634 3390 3723 velut
3437 3632 3547 3717 ob
3621 3632 3905 3719 oculos
3989 3666 4430 3749 exponere*

1059 3791 1274 3850 mus.
1332 3760 1469 3846 Ita.
1508 3762 1903 3852 nimirum
1959 3755 2398 3845 denudatis
2434 3822 2459 3866 ,
2539 3782 2622 3844 et
2673 3758 2903 3874 quasi
2972 3759 3054 3842 in
3109 3753 3546 3870 propatulo
3619 3756 3900 3869 positis
3935 3818 3960 3862 ,
4027 3786 4193 3849 non
4258 3761 4430 3841 uno

1056 3878 1465 3998 quidem,
1528 3904 1671 3973 aut
1736 3881 2053 3986 altero,
2117 3877 2262 3965 sed
2335 3880 2774 3992 plurimis,
2837 3878 3559 3992 gravissimisque,
3622 3897 3802 3958 tum
3870 3873 4193 3988 pridem
4281 3872 4445 3963 da.-⁴

1052 4007 1359 4090 mnatis
1394 4069 1425 4108 ‚
1490 4004 1966 4087 tumetiam
2021 4031 2233 4087 nove
2283 4000 2750 4087 adinventis
2800 3997 3216 4082 erroribus
3250 4059 3275 4102 ,
3355 3995 3600 4109 plane
3654 3990 4151 4100 confidimus
4188 4059 4213 4104 ,
4281 3998 4427 4084 be·

1061 4120 1504 4218 nedicente
1550 4122 1917 4222 Domino
1954 4184 1979 4227 ,
2029 4118 2205 4205 fore
2244 4144 2365 4216 ,ut
2413 4152 2700 4207 omnes
2750 4116 3088 4219 tandem
3139 4137 3465 4231 apertae
3514 4120 3677 4230 jam
3715 4178 3741 4223 ,
3779 4113 4427 4236 manifestaeque

1062 4246 1389 4342 veritati
1442 4240 1736 4340 cedere
1789 4242 2414 4354 compellantur.
2471 4239 2572 4326 Id
2623 4244 2892 4353 ipsum
2940 4242 3292 4325 maxime
3328 4268 3373 4324 e
3427 4267 3511 4322 re
3567 4235 3966 4323 catholica
4017 4234 4424 4342 futurum,

1064 4387 1149 4449 et
1197 4361 1584 4456 sedandis
1633 4365 2109 4479 praesertim
2142 4364 2257 4458 ,in
2339 4362 2928 4465 florentissimo
2975 4358 3295 4445 Galliae
3365 4387 3651 4467 regno·
3701 4360 3995 4443 exortis
4059 4354 4438 4474 ingeniog

1067 4516 1254 4573 rum
1305 4489 1531 4572 varie
1581 4477 2095 4599 opinantium
2139 4546 2162 4586 ,
2232 4487 2569 4602 jamque
2620 4485 2701 4567 in
2769 4481 3225 4574 acerbiores
3286 4481 3671 4582 scissuras
3747 4475 4425 4592 protendentium

1067 4601 1422 4692 dissidiis
1469 4609 1841 4720 apprime
1886 4601 2381 4719 proficuum.
2449 4602 3165 4698 conscientiarum
3218 4596 3585 4715 denique
3621 4599 4195 4715 tranquillitati
4245 4629 4428 4716 per·
4490 4599 4496 4606 ⁴

1065 4724 1274 4814 utile
1309 4789 1333 4832 ,
1395 4749 1483 4814 et
1512 4722 2129 4841 propemodum
2185 4729 2734 4812 necessarium
2773 4782 2798 4830 ,
2851 4753 3018 4808 non
3049 4717 3342 4815 „modo
3370 4716 3711 4834 praefati
3758 4717 4211 4836 Episcopi,
4249 4718 4421 4826 sed,

1065 4869 1151 4930 et
1198 4848 1373 4960 ipse
1396 4850 1507 4934 „in
1573 4849 1854 4962 primis
1905 4845 2427 4952 charissimus
2476 4842 2952 4931 in'Christo
3013 4839 3231 4927 filius
3283 4862 3558 4944 noster
3622 4836 4104 4933 Ludovicus
4167 4842 4237 4924 F
4244 4874 4422 4944 rang-

1066 4965 2431 5073 corum·RexChristianissimus,
2499 4969 2740 5082 cnjus
2790 4964 3339 5060 eximiumin
3423 4958 4250 5068 tuendacatholicae
4327 4959 4456 5062 firs

1063 5084 1201 5174 dei
1262 5091 1619 5202 puritate
1680 5086 2346 5206 extirpandisqne
2407 5086 2827 5176 erroribus
2907 5082 3181 5172 zelum
3231 5083 3419 5176 ,satis
3481 5077 3834 5202 laudare
3867 5081 4071 5176 Jnon
4127 5113 4419 5200 ‚possa-‚3

1058 5240 1300 5320 mus,
1362 5211 1683 5324 saepius
1734 5209 1972 5304 nobis
2024 5231 2147 5295 est
2211 5229 2771 5317 contestatus3
2837 5203 3199 5318 repetitis
3240 5224 3701 5320 propterea
3758 5231 3974 5301 ‚vere
4056 5206 4272 5319 piis,
4337 5227 4420 5300 et

1068 5326 2051 5441 Christianissimo,Rege
2129 5324 2825 5439 dignis-officiis,
2891 5349 3141 5444 atque
3223 5322 3722 5424 ardentibus,
3759 5321 3990 5415 votis
4055 5358 4102 5409 a
4159 5321 4424 5426 ‚nobis

982 5475 1003 5544 ‘.
1067 5446 1521 5560 efflagitans
1557 5516 1582 5560 ,
1648 5474 1743 5538 ut
1789 5453 2129 5538 instanti
2216 5451 2682 5546 animarum
2728 5448 3188 5553 necessitati
3251 5446 3564 5563 prolata
3654 5447 4147 5564 quantocius
4203 5446 4428 5560 Apo,-

958 5671 965 5681 ‚
1069 5569 1338 5674 stolici
1401 5601 1738 5676 censura
1790 5569 2087 5687 judicii
2132 5570 2784 5676 consuleremus.
4172 5555 4186 5570 ”
4253 5617 4262 5622 -
