4834 6409
2319 599 2323 604 .
3715 574 3766 630 1·
3831 595 3852 644 ὲ

490 713 499 720 ·
550 667 1060 777 nuperrime»
1113 665 1503 754 Ciuitate.
1537 662 2215 758 Bmkinanemi
2230 715 2237 760 ;
2270 662 2383 762 in„
2437 660 2788 760 Italiam
2825 659 3284 779 ‚prostatus
3351 567 3848 747 Mediolmit

494 790 1066 892 -eonatitemt
1112 846 1141 892 ,
1200 803 1283 870 et
1329 786 1531 878 hino
1580 785 2142 876 Germaniam
2172 800 2563 898 repetere
2587 789 3181 882 ,constituar-at.
3249 843 3258 855 ·

1675 1029 2243 1122 Venerabiles.
2276 1030 2680 1122 Fratres..
2733 1073 2766 1092 ··

554 1221 563 1230 .
1456 1215 1493 1240 ·:
2002 1231 2015 1240 .
2116 1233 2123 1242 .
2270 1199 2277 1208 ·
2469 1235 2478 1246 .
2671 1207 2676 1216 ·
3281 1213 3324 1246 t.
3837 1207 3852 1242 ⁰

520 1323 529 1330 ·
590 1174 1021 1383 Saepius
1078 1266 1252 1356 Nos
1302 1302 1400 1358 ex
1437 1268 1623 1360 ,hoc
1680 1271 2543 1390 loca-publicazmala
2639 1271 3830 1372 deflevimusz‘domesticam

462 1385 753 1475 hodie·⁹
790 1409 1151 1480 nostram
1178 1451 1219 1496 ν,
1283 1423 1379 1479 ac
1439 1414 1805 1484 vestram
1858 1393 2144 1486 iridem
2199 1404 2602 1515 jacturam
2682 1395 3354 1511 dolemus3·1Nisi
3421 1422 3704 1490 tamen,
3747 1423 3836 1487 et

469 1510 811 1625 publica
874 1508 1051 1601 dici
1103 1511 1244 1598 illa
1324 1537 1791 1624 mereatur,
1848 1548 2069 1635 quae
2131 1527 2325 1607 dum
2390 1537 2665 1606 nostra
2702 1565 2746 1623 ‚⁷
2811 1542 2896 1605 et
2954 1544 3217 1608 vestra
3275 1522 3454 1626 sit„
3513 1523 3847 1610 censeat

458 1633 706 1718 etiam
764 1626 1537 1722 'debet-universae
1598 1631 2047 1725 Ecclesiae
2105 1642 2544 1727 calamitas.
2635 1640 2865 1726 Bene
2925 1643 3095 1754 jam
3169 1642 3630 1751 intelligitis.
3724 1639 3844 1732 de·

348 1837 361 1846 ,
458 1751 760 1838 acerbo
821 1751 991 1838 Nos
1042 1749 1279 1842 ob'itu
1345 1752 1625 1842 Caroli
1689 1754 2063 1846 Thomae
2112 1758 2577 1848 Cardinalis
2630 1757 2736 1846 de
2786 1760 3184 1847 Tournon
3252 1761 3501 1866 verbja
3554 1758 3842 1856 facitu

455 1899 614 1957 ros.
682 1871 1131 1960 Amisimus
1164 1938 1190 1981 ,
1244 1874 1781 1964 Venerabiles
1846 1877 2167 1970 Fratres
2202 1947 2233 1986 ,
2280 1879 3319 1972 amisimus-orthodoxae,
3375 1883 3840 1993 Religionis*

452 1991 1463 2082 zelatorem-maximum:
1530 1994 2021 2088 pontificiae
2086 2003 2597 2090 auctoritatis
2660 2001 3173 2115 intrepidum
3257 2001 3775 2094 defensorem
3801 2040 3838 2094 ε.

448 2111 1080 2204 Ecclesiasticae
1142 2112 1624 2228 disciplinae
1656 2143 2134 2236 assertorem
2180 2121 2776 2212 fortissimum:
2842 2154 3239 2235 magnum
3289 2122 3637 2231 ‚Ordinis
3671 2124 3838 2216 Ven

450 2235 623 2318 stri.
665 2232 945 2322 lumen
989 2295 1012 2337 ,
1080 2257 1166 2322 et
1216 2260 1839 2328 ornamentum..
1890 2244 2353 2330 Amisimus
2419 2244 2726 2329 Filium
2785 2268 3214 2351 nostrum,
3270 2247 3644 2338 Fratrem
3695 2277 3835 2338 ve·

449 2375 712 2440 strum
752 2371 791 2433 τ’
836 2352 1215 2465 plurimis
1245 2418 1285 2461 ‚.
1332 2386 1542 2474 quos
1592 2390 1745 2471 pro
1793 2358 2101 2449 Christi
2168 2398 2407 2454 causa
2469 2370 2891 2481 suscepit,
2949 2367 3370 2456 laboribus
3423 2374 3821 2458 attritum:

450 2469 866 2560 diuturnis
899 2533 925 2576 ‚
992 2495 1191 2590 qua‘s
1236 2478 1646 2590 pertulit,
1712 2489 2133 2572 aerumnis
2177 2485 2710 2599 consectum3
2763 2490 3347 2592 contumeliis)
3399 2517 3604 2607 quas
3655 2488 3830 2580 for-.

445 2595 566 2686 ti..
651 2622 1120 2709 magnoque
1183 2600 1984 2709 animo-sustinuit,
2033 2597 2544 2715 innumeris,
2631 2609 2866 2695 velut
2934 2639 3228 2696 aurum
3318 2613 3401 2698 iu
3465 2608 3836 2702 ,fornace

441 2712 913 2827 probatum.
982 2716 1210 2804 Haec
1277 2715 1685 2808 tarnensi
1753 2744 1971 2810 recte
2037 2729 2655 2838 perpendantur
2700 2792 2725 2834 ,
2790 2753 3114 2815 tantum
3182 2731 3412 2817 abest
3462 2794 3487 2834 ,
3554 2730 3820 2819 ut.ad

446 2832 1053 2920 cumulandum
1120 2838 1441 2928 luctum
1514 2863 1881 2927 nostrum
1934 2847 2098 2930 sint‘
2133 2871 2314 2959 apta
2346 2913 2370 2955 ‚
2438 2873 2532 2934 ut
2580 2852 2852 2962 potius
2890 2880 3222 2936 omnem
3277 2847 3583 2937 doloris
3623 2883 3822 2939 sen·

442 2963 629 3037 'sum
691 2955 797 3038 ab
852 2957 1149 3050 animis
1230 2964 1522 3046 nostris
1591 2961 2083 3074 abstergant.
2150 2966 2450 3086 Neque
2512 2973 2736 3055 enim
2810 2973 3036 3083 juxta
3103 2975 3532 3058 monitum
3599 2976 3825 3087 Apo·

444 3072 633 3156 stoli
685 3077 1147 3160 contristari
1208 3076 1314 3166 de
1377 3079 1985 3170 dormientibus
2043 3085 2498 3198 debemus,
2565 3093 2782 3178 sicut
2845 3111 2926 3176 et
2979 3095 3303 3198 ceteri,
3368 3095 3510 3210 qui
3591 3124 3822 3208 spem

447 3219 617 3274 non
682 3190 1536 3285 habenam-etiosam
1604 3205 1685 3287 in
1755 3232 2203 3319 conspectu
2256 3210 2603 3296 Domini
2668 3213 3006 3324 piissimi
3074 3211 3545 3300 Cardinalis
3608 3245 3825 3302 mor.-

441 3328 610 3394 tem
675 3307 925 3398 fuisse
987 3319 1204 3428 juste
1266 3350 1591 3430 sperare
1644 3321 1814 3410 Nos
1875 3328 2112 3440 jubet
2170 3334 2522 3418 eximius
2583 3332 2724 3418 ille
2787 3330 3269 3422 Catholicae
3323 3333 3562 3422 Fidei
3632 3365 3821 3449 pro*

438 3427 861 3541 pagandae
927 3436 1203 3538 zelus,
1271 3469 1440 3554 quo
1490 3442 1635 3525 ubi
1700 3437 2061 3557 primum
2116 3449 2218 3535 ad
2275 3452 2846 3566 Apostolieum
2915 3456 3469 3543 Ministerium
3529 3491 3573 3543 a
3623 3458 3811 3544 Deo

434 3575 777 3635 vocatus
840 3585 987 3667 per
1046 3556 1220 3642 Nos
1257 3556 1416 3645 fuit
1449 3625 1474 3667 ‚
1545 3564 1768 3649 illico
1820 3565 2249 3658 humiliter
2299 3573 2883 3689 obtemperans
2920 3639 2943 3682 ‚
3003 3576 3315 3661 'Aulam
3354 3638 3380 3682 ‚
3433 3576 3758 3663 Urbem
3792 3643 3821 3682 ‚

436 3667 884 3780 Parentes,
940 3673 1678 3792 Consanguineos‚
1734 3688 2123 3796 Amicos,
2189 3725 2452 3812 eaque
2503 3699 2777 3784 omnia
2816 3760 2847 3801 ,
2889 3704 3113 3815 quae
3165 3720 3455 3783 natura
3511 3702 3818 3816 cuique

435 3793 885 3899 gratissima
938 3792 1137 3883 facit
1171 3863 1195 3903 ,
1271 3802 1575 3908 alacri,
1637 3808 1852 3892 sicut
1914 3814 2167 3897 nostis
2207 3878 2230 3922 ,
2286 3818 2566 3900 animo
2616 3815 3117 3936 dereliquit,
3173 3820 3816 3940 longissimoque

434 3912 714 3997 itineri
768 3976 792 4018 ‚
860 3948 954 4002 ac
1020 3921 1584 4031 periculorum
1644 3926 1901 4040 pleno
1957 3962 2046 4016 se
2118 3939 2641 4052 committere
2717 3970 2885 4025 non
2951 3937 3389 4027 dubitavit.
3461 3940 3803 4055 Sperare

434 4028 608 4116 Nos
668 4033 908 4148 jubet
966 4036 1265 4126 ardens
1345 4044 1483 4128 illa
1565 4043 1914 4133 charitas
1965 4113 1995 4155 ,
2072 4083 2234 4171 qua
2314 4079 2438 4143 tot
2522 4064 3083 4153 remotissimis
3149 4087 3548 4151 terrarum
3636 4093 3811 4148 ma·

436 4154 825 4270 riumque
875 4160 1150 4270 spatiis
1205 4169 1646 4276 peragratis
1683 4232 1712 4272 ,
1751 4201 2213 4288 numquam
2261 4173 2459 4265 fecit
2506 4183 2867 4268 animam
2917 4214 3148 4270 suam
3202 4184 3806 4298 pretiosiorem,

441 4287 690 4385 quam
742 4306 876 4361 se:
947 4307 1041 4362 ac
1094 4278 1308 4402 foras
1357 4289 1604 4371 misso
1652 4294 1948 4378 timore
1998 4295 2324 4383 locutus
2386 4296 2548 4387 snit
2601 4299 2707 4388 de
2784 4307 3270 4390 testimoniis
3328 4302 3671 4388 Domini
3727 4307 3815 4387 in

434 4417 891 4505 conspectu
944 4395 1323 4508 Regnum,
1389 4427 1473 4490 et
1525 4438 1687 4492 non
1743 4407 1903 4496 fuit
1954 4413 2396 4505 confusus:
2453 4451 2943 4541 semperque
2989 4429 3076 4511 in
3131 4424 3806 4512 tribulationibus

431 4508 800 4622 gaudens
833 4578 859 4622 ,
927 4543 1396 4630 pergratum
1446 4525 1635 4614 Deo
1672 4591 1699 4634 ‚
1764 4553 1846 4620 et
1921 4535 2254 4648 Angelis
2298 4544 2487 4654 ejus
2535 4546 3099 4657 spectaculum
3151 4544 3553 4633 exhibuit.
3609 4546 3814 4659 Spe·

426 4661 611 4719 rare
668 4633 840 4720 Nos
889 4638 1130 4751 jubet
1194 4645 1557 4734 excelsus
1604 4650 1747 4737 ille
1797 4651 2348 4748 humanarum
2405 4696 2682 4750 rerum
2750 4687 3275 4782 contemptus
3312 4730 3336 4776 ‚
3404 4696 3576 4783 quo
3641 4698 3812 4751 am-

423 4751 874 4863 plissimam
927 4758 1438 4870 Dignitatem
1479 4829 1503 4873 ‚
1571 4768 1673 4856 ad
1722 4803 1972 4889 quam
2011 4839 2035 4883 ‚
2090 4784 2259 4866 suis
2309 4785 2416 4870 ita
2472 4783 2811 4875 abunde
2868 4788 3385 4901 exigentibus
3441 4789 3807 4895 meritis,

421 4904 465 4954 a
520 4871 781 4961 Nobis
844 4903 1179 4967 evectus
1242 4883 1508 4974 fuerat
1545 4955 1569 4996 ,
1634 4915 1716 4978 et
1762 4928 1808 4979 a
1874 4925 2033 5012 qua
2092 4899 2298 4987 nihil
2360 4902 2592 4994 aliud
2630 4969 2656 5012 ‚
2723 4939 2971 5026 quam
3029 4941 3177 5024 pro
3225 4912 3599 4999 Ecclesia
3639 4971 3664 5016 ,
3719 4934 3809 4995 et

422 5021 576 5103 pro
626 4994 961 5082 Christo
1026 5029 1290 5119 usque
1346 5007 1453 5132 ⁸ad
1524 5014 1960 5123 Sanguinis
2024 5016 2513 5114 effusionem
2579 5029 3583 5149 inclusive-imperterrite
3668 5027 3809 5115 de·

426 5114 799 5253 certandi
862 5149 1072 5204 onus
1109 5184 1133 5224 ,
1201 5156 1297 5210 ac
1361 5135 1767 5218 monitum
1824 5167 2311 5255 acceperat,
2386 5145 2921 5240 dimissurum
2981 5185 3072 5241 se
3126 5157 3405 5270 potius
3467 5215 3492 5259 ,
3549 5183 3804 5270 quam

354 5295 369 5307 ,
423 5262 506 5316 m
562 5233 992 5354 Europam
1031 5303 1056 5345 ‚
1090 5241 1627 5336 Missionibus
1659 5256 1957 5343 Sinicis
2002 5259 2414 5352 derelictis
2451 5332 2477 5376 ‚
2515 5274 3154 5384 remigraturum
3205 5280 3417 5361 serio
3468 5272 3566 5358 ad
3622 5273 3799 5361 Nos

418 5357 744 5471 scripsit
778 5420 803 5464 ‚
858 5383 940 5445 et
988 5361 1257 5476 palam
1312 5368 1729 5483 professus
1777 5374 1960 5464 fuit.
2032 5383 2378 5499 Sperare
2428 5388 2599 5478 Nos
2647 5396 2890 5509 jubet
2941 5397 3376 5510 singularis
3440 5394 3577 5481 illa
3631 5399 3803 5510 pie-

423 5496 543 5559 tas
578 5539 602 5583 ‚
658 5511 820 5598 qua
875 5483 957 5566 in
1012 5492 1413 5598 supremis
1479 5494 1648 5577 suis
1709 5497 2015 5587 tabulis
2051 5566 2076 5610 ‚
2154 5508 2436 5596 relicta
2500 5517 3007 5631 pauperibus
3102 5520 3455 5634 pecunia
3495 5582 3521 5626 ,
3603 5549 3801 5605 eon·

310 5647 329 5660 ·
403 5603 891 5708 §anguineis
961 5603 1631 5722 leg-ataCruces
1686 5624 2262 5732 propagandae
2345 5630 2581 5722 Fidei
2637 5668 2848 5751 opus
2913 5670 3110 5728 vere
3190 5625 3799 5730 sanctissimum

399 5742 520 5814 :ex
600 5751 772 5925 ειεῗ
843 5725 1169 5932 εοῧρείι
1251 5729 1750 5826 haeredem:
1826 5740 2138 5836 illustre
2233 5748 3192 5864 Nobisdocumentum.
3244 5763 3724 5885 relinquens
3775 5829 3798 5871 ‚
3907 5865 3916 5876 ,

747 5874 907 5928 om.
1013 5910 1032 5930 .
2628 5939 2632 5944 .
2851 5878 2921 5964 C
