4834 6409
1034 487 1176 600 042

1064 620 1424 712 res‚'ne
1481 605 1917 695 audirent:
1981 605 2189 696 adeo
2253 630 2346 694 ut
2410 609 2795 694 nonnulli
2855 639 3144 696 eorum
3193 668 3223 713 ,
3287 635 3454 693 non
3518 609 3695 694 sine
3759 607 4173 694 bonorum
4241 621 4426 696 om-

1049 730 1299 814 nium
1364 728 1599 815 luctu
1650 792 1681 836 ,
1740 727 2275 845 hostiumque
2334 728 2766 816 Ecclesiae
2857 730 3153 845 plausu
3203 791 3226 835 ,
3311 726 3417 813 ad
3493 759 3591 814 ea
3671 729 4008 840 insuper
4083 727 4426 842 publice

1064 844 1457 936 devenire
1544 852 1717 935 ausi
1771 845 2143 954 fuerint,
2209 880 2424 966 quae
2511 880 2804 937 omnes
2884 880 2982 934 ex
3056 848 3352 954 vobis,
3434 848 3742 968 quibus
3808 848 3949 932 illa
4044 848 4428 933 innotue-

1064 994 1260 1056 runt
1287 1032 1326 1073 ,
1368 969 1879 1082 improbasse
1939 999 2105 1053 non
2161 967 2644 1055 dubitamus
2679 1032 2708 1075 ,
2774 998 3158 1088 quaeque
3209 970 3594 1084 ipsimet,
3669 970 3817 1085 qui
3867 996 3960 1053 ea
4010 988 4427 1083 perpetra·

1062 1112 1319 1194 runt,
1381 1123 1430 1175 a
1483 1087 1754 1177 Nobis
1788 1149 1821 1196 ,
1883 1113 1968 1176 et
2014 1121 2063 1175 a
2114 1090 2413 1175 Sancta
2465 1089 2835 1176 Romana
2894 1087 3271 1176 Ecclesia
3321 1089 3591 1202 palam
3625 1151 3658 1192 ,
3707 1101 3954 1207 atque
4019 1107 4424 1202 perpetuo

834 1299 842 1336 5
1063 1204 1537 1297 damnanda
1572 1273 1609 1312 ,
1664 1231 1915 1327 atque
1963 1207 2420 1296 execranda⁴
2466 1237 2640 1295 esse
2690 1218 2855 1294 non
2909 1209 3424 1321 ignorabant.
4052 1207 4059 1214 ’

725 1340 970 1407 Manita
1180 1339 1253 1434 5,
1326 1365 1413 1415 2..
1472 1327 1762 1437 Quare
1827 1327 1998 1413 Nos
2028 1391 2060 1433 ,
2106 1331 2251 1446 qui
2298 1359 2695 1444 supremo
2737 1328 3029 1415 Divini
3082 1328 3435 1444 Basto'ris
3494 1324 3885 1412 mandato
3935 1322 4217 1412 deesse
4269 1355 4426 1411 nec

686 1431 905 1519 praed.
1066 1478 1562 1563 possumus,
1619 1479 1782 1535 nec
1837 1444 2242 1534 debemus
2276 1478 2538 1566 ,quo
2600 1472 2682 1534 et
2739 1448 2999 1534 illius
3035 1478 3228 1536 oves
3291 1478 3621 1568 pascere
3676 1457 3712 1553 ’,
3789 1470 3874 1565 et
3937 1442 4434 1538 fratresno-

786 1573 790 1578 ’
1068 1590 1283 1653 stros
1356 1565 1854 1656 confirmare
1931 1571 2489 1684 praecipimur
2539 1631 2568 1675 ,
2661 1571 2943 1653 animo
3020 1567 3454 1653 nobiscum
3534 1588 4009 1680 reputantes
4082 1627 4106 1670 ,
4201 1559 4432 1681 quod

1067 1688 1449 1775 Verbum
1505 1687 1673 1778 Dei
1741 1718 1913 1774 non
1962 1705 2084 1775 'est
2137 1690 2624 1800 alligatum,
2679 1711 3120 1805 postquam
3172 1685 3326 1772 diu
3377 1689 3707 1774 tentatis
3766 1684 4167 1770 inutiliter
4230 1712 4430 1768 con·

1069 1807 1281 1893 siliis
1344 1809 1571 1923 pacis
1628 1807 2067 1926 hucusque
2128 1809 2506 1893 siluimus
2550 1871 2576 1914 ,
2656 1806 2934 1893 adhuc
2994 1807 3341 1892 ulterius
3400 1829 3672 1893 tacere
3731 1805 3998 1890 Nobis
4055 1833 4224 1889 non
4293 1825 4432 1887 tu·

1073 1946 1322 2034 tum,
1378 1927 1830 2015 christiano
1899 1950 2178 2015 autem
2272 1928 2578 2043 populo
2645 1930 3199 2042 perniciosum
3282 1924 3457 2012 fore
3533 1955 3987 2011 censemus·
4072 1920 4214 2007 Ad
4272 1951 4428 2009 vos

741 2062 835 2127 Ut
866 2059 1050 2123 Chri·
1071 2046 1430 2158 proinde
1482 2079 1774 2133 omnes
1817 2080 1914 2135 ex
1976 2079 2479 2166 unaquaque
2528 2048 2882 2132 Natione
2919 2110 2945 2153 ‚
3009 2057 3225 2164 quae
3272 2045 3432 2129 sub
3479 2044 3740 2131 Coelo
3803 2067 3924 2130 est
3961 2107 3998 2147 ,.
4073 2040 4426 2126 Christi·

698 2153 777 2217 ⁸¹³
835 2150 1045 2217 fideles
1073 2162 1357 2253 fideles
1386 2232 1430 2273 ,.
1482 2192 1859 2281 paternas
1917 2198 2164 2253 voces
2227 2192 2536 2253 nostras
2597 2165 3027 2276 dirigimus
3061 2227 3086 2270 ,
3153 2195 3322 2280 quo
3372 2167 3738 2277 primum.
3796 2161 4140 2282 quidem
4190 2158 4429 2246 dolo,-

695 2264 1050 2397 ξζὲἃίῗιζι
1072 2286 1183 2369 ris
1227 2290 1486 2373 nostri
1553 2290 1985 2402 participes
2016 2352 2047 2398 ‚
2104 2311 2411 2373 vestras
2478 2287 2905 2370 nobiscum
2973 2282 3076 2369 ad
3138 2285 3425 2368 Deum*
3471 2315 3766 2397 preces
3814 2281 4198 2368 deferatis
4233 2342 4276 2386 ‚2
4325 2301 4427 2366 ut

685 2424 907 2511 resipi·
1069 2435 1424 2517 superna
1486 2402 1959 2521 adspirante
2031 2410 2282 2517 gratia
2333 2469 2357 2513 ‚
2439 2409 2584 2524 qui
2673 2405 3069 2489 hactenus
3148 2427 3690 2489 contumaces
3748 2401 4096 2488 fuerunt
4145 2463 4186 2506 ‚.
4253 2430 4438 2485 nou·

684 2514 937 2667 gentis
1074 2527 1245 2637 iam
1304 2528 1662 2614 ulterius
1716 2527 1880 2612 alta
1938 2529 2343 2641 sapientes
2378 2589 2401 2630 ,
2493 2521 2637 2610 sed
2689 2524 3184 2609 humilibus·
3234 2524 3852 2608 consentientes
3898 2519 4014 2607 ad.
4066 2520 4446 2606 debitam.

692 2625 1275 2760 ceffiffrf‘e‘cum
1332 2648 1629 2733 ceteris
1698 2645 2011 2731 Christi
2064 2643 2456 2729 fidelibus
2519 2648 2606 2729 in
2686 2675 2886 2729 sana
2927 2708 2964 2748 ,
3037 2640 3656 2761 Catholicaque
3740 2640 4126 2727 doctrina.
4192 2635 4440 2756 profi·

832 2769 838 2773 ⁴
1072 2762 1328 2851 tenda
1372 2767 1715 2853 veniant
1762 2768 2187 2851 unitatem.
2257 2764 2454 2849 Hoc
2508 2795 2806 2876 nempe
2873 2795 2978 2848 ex
3030 2765 3316 2848 animov
3357 2754 3620 2848 unice·
3669 2764 4140 2879 quaerimus
4178 2822 4208 2864 ,
4245 2756 4435 2844 ¹hoc

1074 2880 1249 2969 dies
1285 2945 1322 2990 ,
1381 2907 1900 3000 noctesque,
1976 2914 2143 2969 nec
2196 2884 2382 2970 sine
2442 2883 2836 2995 lacrymis
2905 2916 2959 2968 a
3024 2881 3408 2967 Domino
3458 2881 4045 2995 imploramus;
4136 2878 4452 2995 Neque

1073 3006 1304 3086 enim·
1361 3004 1749 3089 oblivisci
1804 3024 2083 3117 potest
2122 3003 2418 3087 mulier
2466 3000 2880 3086 infantem
2921 3021 3237 3107 suum',„
3287 3019 3448 3085 nec
3495 3003 3804 3088 Sancta
3848 3000 4229 3085 Romana
4261 2997 4436 3084 Ec·

1076 3121 1323 3205 clesias
1381 3119 1600 3207 filios-
1655 3151 1879 3208 suos.·
1934 3120 2274 3207 Deinde·
2344 3125 2650 3240 nequis.
2691 3121 3268 3206 Christianum
3321 3120 3750 3234 Populum
3790 3117 4198 3206 seducere
4246 3146 4442 3231 per·—

718 3270 817 3336 Ut.
852 3268 1053 3336 vitent
1075 3262 1211 3350 gat
1258 3241 1656 3328 inanibus
1708 3241 2067 3348 verbis,
2122 3271 2271 3327 eos
2321 3271 2616 3326 omnes
2656 3304 2694 3347 ,.
2749 3264 2846 3326 ut
2909 3271 3251 3327 necesse
3299 3263 3419 3325 est
3463 3265 3525 3343 ,ς
3562 3243 3934 3324 monitos
3976 3241 4369 3326 volumus
4415 3301 4458 3342 ,

692 3358 1017 3465 uestacta-
1075 3381 1167 3444 et
1206 3384 1482 3470 certos
1552 3360 1898 3447 facimus
1924 3425 1966 3464 2
2003 3359 2240 3478 quod
2296 3357 2598 3446 frustra
2623 3424 2668 3465 ,
2731 3384 2817 3446 et
2892 3357 3245 3476 quidem
3303 3390 3479 3444 non
3522 3363 3711 3444 sine·
3747 3356 4165 3444 fermento
4203 3356 4452 3442 mali·

686 3471 1050 3607 affige&
1080 3480 1303 3586 tiae,¹
1355 3505 1451 3569 et
1504 3484 1992 3600 nequitiae,
2043 3478 2514 3565 istiusmodi
2573 3478 2954 3566 homines
3001 3480 3440 3564 nobiscum
3483 3480 3578 3563 in
3650 3475 4035 3563 doctrina
4078 3477 4447 3588 Religio·

691 3630 878 3697 dolos
905 3679 931 3711 ,
981 3587 1046 3698 ἐς
1076 3599 1210 3684 nis
1245 3606 1720 3690 consentire
1758 3633 1857 3688 se
1892 3604 2205 3715 jactant
2239 3663 2274 3704 ,
2318 3597 2528 3685 dum-
2574 3601 2900 3685 interim
2932 3661 2972 3705 „
3033 3595 3733 3684 heterodoxorum:
3776 3598 4160 3713 exemplo
4200 3626 4448 3711 prae·

691 3735 1053 3827 maguae
1076 3742 1395 3825 eunte,
1450 3721 1765 3807 editam:
1811 3755 1859 3806 a
1908 3718 2181 3804 Nobis
2242 3718 2945 3806 Constitutionem
2981 3780 3020 3825 ,
3072 3749 3330 3835 quam
3404 3717 3795 3806 universa
3851 3717 4238 3805 Ecclesia
4294 3743 4446 3804 ve·

691 3811 1047 3970 hffiusste-
1076 3842 1513 3941 neratione
1581 3840 1867 3926 debita
1928 3840 2513 3954 complectitur
2553 3904 2596 3944 ,
2651 3866 2826 3924 non·
2886 3836 3149 3924 modo
3213 3837 3514 3925 alienis
3562 3838 3684 3924 ab·
3743 3839 3934 3952 ipso·
3987 3837 4448 3926 verborum

690 3924 733 3993 g
934 3951 961 3969 ⁵
1076 3980 1369 4046 tenore
1425 3959 2305 4075 interpretationibuS,
2352 3956 2508 4046 sed
2552 3980 2638 4046 et
2684 3961 2994 4074 apertis
3045 3957 3487 4043 calumniis
3526 3956 4127 4072 superindoctis
4169 4021 4205 4062 ‚.
4262 3987 4443 4042 ma-

1076 4077 1306 4187 ligne
1346 4108 1691 4193 carpere
1731 4077 2044 4166 audent
2077 4143 2115 4182 7
2171 4102 2252 4165 et
2311 4082 2812 4164 immanium
2889 4108 3268 4164 errorum
3328 4080 3862 4164 accusatione
3945 4080 4448 4193 perstringe-

1080 4192 1229 4305 reg
1287 4199 1643 4312 perinde
1681 4203 1897 4285 acsi
1963 4201 2122 4313 ipsi
2168 4199 2323 4283 soli
2350 4231 2389 4303 ·,
2442 4200 2636 4282 aliis
2689 4196 3005 4282 Christi
3043 4193 3447 4283 fidelibus
3497 4197 3824 4314 ubique
3864 4200 4241 4307 gentium
4301 4193 4455 4281 de-

1079 4318 1573 4427 sipientibus
1605 4383 1639 4426 ,
1690 4340 2136 4433 saperent,
2198 4319 2354 4431 ipsi
2401 4318 2614 4422 soli,
2677 4317 3029 4435 reliquis
3082 4318 3746 4403 caecutientibus
3788 4357 3824 4423 ,·.
3878 4318 4168 4402 lumen
4230 4311 4451 4403 veri-'—

1032 4516 1039 4521 .
1080 4438 1274 4551 tatis
1330 4443 1816 4552 aspicerentr
1876 4438 2064 4524 Nec
2105 4435 2490 4550 profecto
2535 4440 2823 4522 minor
2868 4458 2992 4523 est
3037 4437 3376 4524 illorum
3435 4436 3678 4550 culpa
3706 4499 3739 4543 ,
3795 4439 3992 4557 qui,
4039 4458 4194 4542 ut,
4250 4429 4453 4527 faci-

1081 4555 1247 4639 lius
1292 4560 1647 4643 incautis
1690 4555 2112 4662 illudant,
2172 4588 2368 4643 cum
2417 4555 2629 4642 haec
2690 4559 2864 4672 ipsa
2924 4556 3385 4640 moliuntur
3420 4617 3454 4660 ,
3510 4553 3789 4642 eidem
3847 4555 4453 4642 constitutioni

1054 4699 1410 4762 ‘nostrae
1458 4707 1989 4796 nequaquam
2040 4672 2457 4764 adversari
2492 4738 2524 4781 ,
2571 4673 2722 4762 sed
2773 4676 2997 4760 solas
3033 4671 3638 4785 declarationes
3668 4739 3700 4781 ,
3732 4679 3823 4760 in
3868 4678 4125 4763 rebus
4164 4699 4463 4790 tamen:⁵

1078 4794 1303 4906 apud
1355 4820 1671 4882 ceteros
1728 4824 2021 4883 omnes
2064 4794 2320 4907 plane
2378 4797 2878 4910 perspicuiS,
2919 4794 3357 4908 ‘postulare
3398 4826 3492 4882 se
3531 4795 3986 4902 simulant,
4045 4826 4216 4881 non
4264 4797 4458 4915 qui-

1080 4910 1275 4996 dem
1322 4912 1708 5022 discere,⁴
1790 4913 1938 5001 sed
1992 4937 2317 5002 tentare
2360 4918 2788 5030 cupientes
2822 4976 2856 5021 ,
2917 4936 3010 4998 ut
3055 4913 3520 5032 Ecclesiam
3549 4978 3582 5023 ,
3635 4918 3709 4999 si
3758 4919 4072 5028 possint
4105 4977 4130 5020 ,
4199 4946 4458 5033 quae·

1058 5034 1490 5118 -stionihus
1550 5035 2001 5120 inutilibus
2037 5095 2069 5140 ,
2148 5058 2232 5121 et
2295 5036 2848 5119 interminatis
2920 5033 3436 5119 immisceant
3481 5097 3514 5140 ,
3573 5055 3666 5121 et
3725 5035 3906 5119 ‘luci
3986 5036 4452 5125 catholicae

1081 5155 1451 5240 veritatis
1512 5155 1879 5242 tenebris
1923 5175 2273 5273 quoquo
2318 5152 2579 5238 modo
2623 5154 3151 5240 obscuritatis
3194 5150 3653 5242 offendant.
3719 5154 3843 5240 Ita
3880 5177 4086 5240 sane
4127 5159 4446 5273 patien-
4497 5185 4500 5186 ’

1080 5272 1196 5357 tia
1248 5297 1519 5363 nostra
1548 5276 2009 5361 -abutentes
2045 5334 2076 5380 ,
2139 5275 2668 5387 Apostolicae
2738 5274 3250 5360 auctoritatis
3305 5274 3860 5393 obsequium,
3905 5308 4009 5362 ac
4063 5301 4451 5363 reveren·

1083 5395 1303 5480 tiam*
1344 5427 1432 5483 se
1480 5396 1875 5484 exhibere
1918 5393 2386 5507 gloriantur
2432 5393 2581 5479 illo
2626 5396 2808 5507 ipso
2869 5417 3288 5509 tempore,
3345 5425 3514 5512 quo
3563 5398 3639 5481 ei
3702 5395 4261 5505 gravissimam·
4307 5391 4458 5480 'ina-

1081 5507 1369 5599 ferunt
1456 5519 1843 5633 injuriam
1889 5550 1918 5628 ς
2015 5511 2320 5600 Iisdem
2410 5512 2856 5632 siquidem·
2905 5515 3548 5632 explica-tionum
3633 5515 4176 5630 petitionibus
4252 5523 4453 5602 satis

970 5695 975 5702 -
1083 5657 1362 5750 aperte
1427 5635 1879 5725 ostendunt
1907 5631 2127 5724 -ideo
2174 5666 2263 5724 se
2324 5633 2946 5726 'Constitutioni
3030 5657 3356 5723 nostrae
3436 5631 3803 5726 debitam
3879 5632 4501 5761 obedientiam·
