4834 6409
1082 475 1256 563 352
1295 514 1302 523 ·
2566 535 2571 539 ·

1087 597 1242 681 111.
1313 596 1770 685 Proventus
1833 604 2373 716 quoscunque
2451 598 2922 690 Monasterii
2960 596 3143 708 ,'et
3189 599 3746 709 eleemosynas
3796 655 3821 701 ,
3884 623 4089 711 quas
4163 594 4485 707 ipsum·

1084 716 1372 805 Abbas
1447 719 1763 826 exigere
1797 718 2190 831 ··jubebit,
2251 726 2519 832 exigat
2556 748 2746 829 ,et
2814 726 3199 838 recipiat}
3271 715 3792 835 Syngrapbas
3844 714 4437 801 vero:solutio-

1087 838 1291 942 nis,
1359 834 1692 953 quando
1743 869 1948 951 opus
2001 838 2308 943 sueritf,
2350 845 2547 956 ipse
2594 842 2826 929 dabit
2872 843 3366 956 subscriptas
3417 839 3522 922 ab
3584 836 3920 922 Abbate
3954 896 3978 941 ,
4044 857 4187 920 aut
4247 866 4317 918 a.
4354 862 4475 917 se·

1084 982 1180 1040 ex
1211 957 1446 1040 -illius
1499 961 2089 1044 commissione.
2143 959 2584 1078 thue-id
2630 961 2955 1050 facilius
3017 981 3544 1079 assequatur,
3599 979 4046 1071 proventus
4096 984 4435 1056 omnes,

1089 1097 1174 1160 et
1225 1099 1614 1190 tempora,
1668 1080 1972 1193 quibus
2023 1080 2461 1190 colligendi
2512 1107 2733 1189 suut,
2801 1088 2884 1168 in
2949 1083 3341 1198 peculiari
3395 1079 3613 1163 libro
3671 1075 3975 1161 scribat
4008 1138 4033 1181 ,
4098 1097 4181 1160 et
4228 1085 4446 1158 seor⁴'

1083 1195 1238 1279 sim
1291 1200 1537 1283 etiam
1591 1229 2155 1316 quascumque
2211 1211 2359 1306 reS,
2393 1263 2399 1269 -
2429 1227 2569 1287 aut
2619 1206 3005 1318 pecunias
3056 1235 3161 1288 ex.
3186 1200 3595 1294 fructibus
3632 1196 4115 1281 Monasterii
4165 1222 4489 1307 perce··-

1085 1320 1338 1428 perit,
1377 1316 1791 1425 fadditoa
1845 1320 2148 1435 quibus
2184 1382 2208 1423 ,
2245 1344 2355 1406 -et
2420 1322 2961 1440 quando-eae
3023 1324 3576 1437 provenerint·
3636 1311 4243 1427 Eleemosynae
4306 1344 4471 1399 au·:

1088 1458 1254 1521 tem
1307 1437 1465 1521 alio
1517 1440 1602 1520 in
1656 1437 1867 1522 libro
1916 1441 2398 1525 scribantur.
2442 1442 2587 1527 IV.
2631 1445 2989 1555 Singulis
3052 1434 3691 1527 mensibus-dati
3729 1498 3755 1541 ,
3819 1459 3904 1520 et
3960 1435 4276 1549 accepti
4327 1465 4473 1518 ra·-

1087 1557 1401 1641 tionem
1453 1557 1767 1642 Abbati
1822 1556 2135 1665 reddat,
2200 1557 2644 1680 debitaque
2710 1588 2794 1648 et
2841 1561 3145 1648 credita
3203 1559 3705 1645 Monasterii-
3744 1553 4141 1641 indicabit
4190 1617 4218 1662 ,
4279 1578 4491 1673 quo-

1092 1676 1265 1786 ipse
1314 1698 1611 1763 statum
1692 1677 2168 1763 Monasterii
2223 1700 2568 1795 'prorsus
2608 1684 3044 1794 intelligat.
3110 1680 3561 1798 Nunquam
3590 1724 3605 1751 ·.
3638 1706 3837 1761 vero
3921 1675 4467 1772 oeconomus·

1092 1791 1367 1880 debita
1424 1795 1878 1902 contrahat,
1917 1800 2092 1882 sine
2157 1831 2525 1913 expressa
2581 1804 2931 1891 Abbatis
2984 1803 3330 1888 licentia.
3374 1799 3780 1883 Vicissim
3829 1794 4449 1905 singulismen-

1089 1913 1317 1999 sibus
1368 1918 1629 2026 exigat
1694 1919 2089 2003 rationem
2148 1921 2252 2003 ab
2305 1917 2831 2007 officialibus
2892 1922 3330 2025 Villarurn,
3387 1914 3956 2019 Praediorum,
4010 1914 4443 2017 Pecorum,

1091 2058 1178 2119 et
1225 2035 1643 2120 similium.
1707 2037 1812 2119 V.
1868 2036 2227 2123 Pecunia
2262 2102 2285 2144 ,
2354 2040 2917 2161 undecunque
2980 2074 3071 2128 ea
3110 2041 3613 2154 provenerit
3652 2101 3681 2140 ‚
3742 2038 3811 2118 si
3844 2036 4214 2148 'alicujus
4279 2065 4452 2119 mo-

1087 2156 1348 2240 menti
1400 2152 1649 2240 fuerit
1685 2218 1713 2259 ,
1776 2153 2091 2270 judicio
2154 2160 2506 2246 Abbatis
2573 2166 2657 2247 in
2709 2193 2891 2248 arca
2944 2181 3389 2276 reponatur
3441 2155 3545 2242 ad
3616 2155 3705 2240 id
3742 2153 4199 2265 designata.
4263 2154 4448 2255 Ha,-

1092 2276 1223 2388 jus
1276 2273 1562 2362 Abbas
1612 2277 1926 2365 clavem
1979 2309 2286 2381 unam,
2340 2303 2424 2366 et
2486 2286 2658 2394 ipse
2694 2316 2703 2325 ·
2737 2282 3267 2369 Oeconomus
3328 2277 3667 2364 alteram
3721 2273 4129 2362 diversam
4182 2296 4475 2359 custo--

1092 2391 1285 2481 diat.
1355 2393 1452 2479 In
1508 2394 1796 2483 eadem
1844 2398 2075 2482 ,liber
2139 2401 2709 2506 asservabitur,
2779 2405 2859 2487 in
2928 2431 3101 2518 quo
3138 2400 3566 2485 scribetur
3612 2397 4036 2510 pecuniae
4074 2422 4446 2498 summa,

1088 2530 1254 2597 tam
1309 2519 1544 2628 ejus,
1619 2546 1830 2632 quae
1880 2513 2253 2624 infertur,
2317 2550 2567 2636 quam
2616 2527 2824 2635 ejus,
2878 2551 3090 2639 quae
3157 2517 3518 2607 effertur.
3582 2519 3668 2601 Si
3721 2511 4059 2634 quando
4105 2536 4391 2598 autem
4422 2572 4503 2615 ,-

1091 2659 1435 2744 cogente
1484 2636 1754 2752 aliqua
1825 2640 2295 2724 necessitate
2343 2701 2367 2746 ,
2417 2645 2782 2756 pecunia
2852 2646 2936 2726 in
3015 2672 3284 2727 arcam
3368 2668 3531 2722 non
3596 2632 4094 2739 inferretur,
4159 2631 4475 2717 nihilo·-

1091 2756 1368 2841 minus
1442 2759 1827 2869 accepti,
1906 2780 1991 2842 et
2052 2762 2377 2873 expensi
2462 2792 2778 2845 summa
2842 2766 2928 2846 in
2997 2759 3289 2847 eodem
3360 2757 3573 2843 libro
3653 2756 3921 2839 statim
3991 2752 4452 2863 scribatur.·

1087 2870 1800 2992 Quotiescumque
1861 2907 2057 2962 vero
2095 2908 2204 2977 ex
2255 2888 2437 2965 arca
2474 2885 2925 2993 ‚pecuniam
2979 2882 3324 2992 accipiet
3358 2940 3383 2984 ,
3448 2881 4079 2991 ejussummam
4119 2937 4147 2979 ,
4200 2895 4284 2959 et
4332 2872 4467 2956 di·.

1088 3025 1218 3078 ern
1271 2996 1355 3079 in
1412 2995 1621 3081 libro
1656 3027 1988 3083 suarum
2042 3001 2452 3082 rationum
2503 2998 2962 3112 abscribat3
3016 3003 3099 3084 in
3156 3000 3309 3084 alia
3357 3028 3556 3084 vero
3607 2995 3797 3080 libri
3847 3016 4077 3107 parte
4126 2997 4457 3107 expensi

1090 3116 1297 3202 ratio
1350 3139 1714 3210 constet.
1782 3116 1927 3201 VI.
1991 3117 2394 3227 Diligenti
2473 3150 2665 3204 cura
2743 3120 3191 3206 asservabit
3246 3122 3331 3203 in
3385 3112 3951 3202 Archivioad
4014 3112 4177 3197 hoc
4240 3108 4471 3198 desi--

1080 3257 1331 3346 gnato
1382 3234 1936 3321 Instrumenta
2001 3239 2439 3347 originalia.
2473 3303 2502 3343 ,
2567 3239 2870 3357 quibus
2923 3263 3241 3325 constet
3291 3232 3397 3322 de
3472 3240 3654 3350 jure
3715 3265 4001 3320 eorum
4055 3295 4081 3339 ,
4145 3263 4359 3352 quae
4406 3267 4453 3317 a

1087 3356 1591 3447 Monasterio
1650 3354 2209 3466 possidentur:
2285 3356 2846 3474 chirographa
2880 3424 2909 3464 ,
2976 3355 3551 3472 Syngraphas,
3592 3355 4057 3443 Iuventatia
4090 3415 4115 3454 ,
4169 3375 4253 3439 et
4300 3351 4456 3438 alia

1088 3466 1593 3585 hujusmodi.
1646 3475 1777 3559 -Et
1835 3474 2178 3561 Archivi
2230 3476 2569 3593 quidem
2622 3479 2955 3566 clavem·
2989 3509 3241 3565 unam
3296 3472 3464 3591 ipse
3514 3474 3858 3579 habeat,
3923 3472 4210 3558 Abbas
4260 3502 4454 3557 vero

1085 3591 1422 3679 alteram
1474 3590 1906 3683 diversam.
1975 3595 2164 3682 VII.
2229 3596 2662 3705 Advertat,
2700 3631 2898 3683 num
2951 3630 3071 3705 ea,
3124 3629 3336 3715 quae
3385 3630 3428 3682 a
3477 3595 3976 3681 Monasterio
4016 3587 4477 3708 possiden--

1086 3733 1275 3817 tur,
1330 3716 1844 3826 reparatione·
1885 3713 2334 3828 indigeant,
2373 3742 2469 3803 ut
2515 3717 2620 3803 ad
2673 3719 3086 3805 Abbatem
3141 3717 3459 3804 referat.
3524 3717 3608 3799 Si
3670 3711 3878 3832 quid
3929 3736 4200 3799 autem
4252 3743 4476 3797 ven--

1085 3826 1457 3921 dendum
1540 3833 1959 3922 videretur
2008 3898 2032 3938 ,
2071 3835 2404 3922 -.eodem
2483 3839 2949 3924 inconsulto
3000 3871 3105 3925 ne
3168 3836 3432 3923 faciat.
3499 3834 3733 3919 VIII.
3799 3834 4063 3919 Curet
4106 3895 4128 3938 ,
4184 3854 4277 3916 ut
4327 3860 4455 3916 res

1084 3981 1395 4056 omnes,
1464 3957 1901 4068 praecipue
1951 3954 2093 4040 diu
2147 3955 2639 4066 duraturae,
2691 3961 3205 4073 tempestive,
3249 3982 3330 4044 et
3380 3966 3644 4076 quam'
3681 3977 4143 4070 opportune
4178 3978 4455 4079 eman·
4582 4020 4587 4025 .

1084 4092 1246 4180 tur,
1311 4103 1420 4167 ne
1482 4072 1625 4160 ha's
1673 4106 1839 4161 non
1889 4074 2276 4190 perinde-‹
2299 4078 2614 4183 bonas,
2680 4100 2837 4164 ‘aut
2890 4108 3052 4162 non
3118 4107 3384 4196 aequo
3449 4079 3759 4190 praetio
3823 4097 4162 4182 cogatur
4236 4102 4456 4158 com-

1082 4222 1390 4306 parare.
1439 4192 1769 4287 ‚Caveat
1830 4199 2071 4303 etiam
2113 4226 2154 4303 ·‚-
2220 4228 2322 4282 ne
2386 4197 2587 4282 dum
2640 4200 2989 4283 nimium
3066 4202 3467 4311 pecuniae
3532 4197 3842 4310 parcit,
3914 4220 4074 4277 non
4129 4193 4389 4277 bonas
4427 4256 4449 4300 ,

1084 4335 1229 4397 aut
1277 4315 1731 4400 insalubres
1784 4347 1906 4402 res
1968 4339 2206 4401 emat.
2275 4317 2578 4403 Videat
2625 4342 2900 4403 autem
2937 4379 2960 4421 ,
3031 4349 3230 4402 num
3282 4350 3403 4424 ea,
3459 4344 3672 4436 quae
3719 4334 3988 4429 empta
4042 4337 4292 4415 sunt,
4343 4312 4456 4394 il-
4551 4378 4557 4384 .

1084 4431 1296 4519 laesa
1349 4459 1987 4521 conserventur:
2058 4458 2305 4553 atque
2359 4436 3017 4526 animadvertens
3066 4437 3335 4554 aliqua
3390 4470 3553 4523 non
3595 4500 3618 4541 ,
3697 4458 3793 4520 ut
3855 4455 4209 4546 oportet,
4261 4462 4456 4517 con-

1081 4555 1382 4637 servari
1434 4616 1458 4659 ,
1525 4577 1667 4639 aut
1717 4551 2109 4668 expendi,
2165 4556 2580 4644 Abbatem
2633 4581 2776 4644 aut
2833 4558 3255 4642 Vicarium
3308 4555 3769 4644 admoneat.
3855 4552 4003 4640 lx.
4075 4551 4454 4666 Emptori

1082 4674 1471 4783 pecunias
1533 4671 1633 4757 ad
1690 4672 2212 4790 quotidianos
2275 4703 2650 4792 sumptus
2697 4670 3499 4783 subministrabi15a
3554 4709 3723 4795 quo
3770 4674 4109 4784 singulis
4159 4672 4456 4758 diebus

1081 4821 1615 4904 expensarum
1685 4797 1944 4904 exigat
2010 4799 2403 4882 rationem
2456 4829 2550 4883 ex
2601 4795 2944 4884 codice:
3010 4826 3413 4881 summam
3464 4829 3663 4884 vero
3713 4801 3795 4881 in
3850 4796 4152 4881 librum
4208 4822 4454 4877 suum

1079 4913 1253 5023 ipse
1310 4908 1619 5000 referet.
1692 4914 2041 5028 Emptor
2116 4947 2314 5002 vero
2387 4915 2590 5034 quid
2663 4922 3088 5029 empturus
3160 4919 3273 5001 sit
3306 4928 3339 5021 ,'
3410 4918 3515 5002 ab
3560 4917 3928 5003 ’Abbate
3975 4944 4212 5021 ,fseu
4278 4916 4456 5025 ejus

1079 5031 1410 5147 Vicario
1481 5033 1927 5144 intelliget:
2001 5067 2290 5153 resque
2339 5062 2661 5149 emptas
2703 5036 3149 5122 Cellerario
3201 5034 3493 5143 tradat,
3548 5039 3720 5122 sive
3785 5034 4285 5121 iu1Cellario
4336 5062 4457 5117 re·

1079 5150 1552 5265 ponendaS,
1617 5157 1788 5239 sive
1851 5155 2148 5273 Coquo
2197 5154 3026 5242 commjuendas..X.
3093 5154 3772 5245 Cnm2extraneis
3821 5182 4101 5241 contra
4157 5154 4457 5241 decen-

1080 5275 1277 5356 tiam
1344 5297 1596 5361 status
1657 5273 2086 5360 Monastici
2164 5279 2556 5387 negotiari
2638 5288 3359 5390 nonrpnaesumat.
3422 5275 3966 5380 XI.·Guret,
4038 5301 4456 5362 utsaecu-

1079 5391 1283 5493 lares
1347 5416 1513 5481 tam
1567 5394 1688 5479 -in·
1724 5393 2223 5487 Monasterio
2272 5458 2302 5501 ,
2361 5428 2609 5514 quam
2660 5400 2769 5483 in..
2813 5393 3398 5513 praediisejus
3465 5402 3908 5484 servientes
3945 5432 3977 5501 ,t
4034 5396 4377 5482 honeste
4422 5463 4455 5501 ,

1076 5535 1161 5601 et
1207 5511 1648 5605 ,christiane
1684 5516 2043 5600 vivant:
2078 5540 2315 5623 cogat
2377 5536 2727 5623 omnem,
2782 5539 2891 5600 ut
2943 5514 3239 5603 diebus
3287 5518 3611 5622 Pestis,
3676 5540 3758 5602 et
3804 5516 4261 5601 Dominicis
4302 5517 4456 5601 Sa-

1076 5661 1257 5721 crae
1320 5635 1741 5745 Liturgiae
1777 5696 1799 5741 ,
1868 5659 1952 5723 et
1999 5630 2328 5725 Divinis
2379 5633 2709 5724 Officiis
2767 5640 3189 5746 intersint,
3260 5641 3474 5727 etin
3532 5635 4455 5724 sestis.solemnioribus
