4834 6409
724 554 994 656 Breve
1039 549 1625 669 'Apostolicum
1661 611 1686 658 ,
1736 575 1903 667 que
1958 545 2343 638 Clemens
2387 543 2602 634 XII.
2644 543 2908 662 plut-a.
2946 544 3394 662 confirmat

782 739 789 750 ,
856 771 865 778 ‚
975 699 1196 793 quae
1242 668 1599 786 tenenda
1647 688 1840 757 sut-‚t
1899 673 1992 756 in
2049 667 2500 760 Indiamm
2546 670 3135 756 Missionibus.

379 917 480 1009 V
468 881 1029 1002 enerabilibzis
1073 881 1523 997 Fratribus
1552 973 1576 1017 ‚
1654 942 1759 996 ac
1817 908 2146 996 dilectis
2193 906 2458 994 Filiis
2518 885 2964 1026 Episcopis
3010 971 3034 1015 ‚
3099 926 3184 992 et
3227 906 3740 1024 Apostolicis

380 1071 387 1077 ·
610 1035 1191 1124 Missionariis
1240 1036 1334 1118 in
1378 1035 1689 1150 Regnis
1735 1029 2181 1116 Indiamm
2242 1029 2820 1115 Orientalium
2844 1095 2875 1135 ,
2938 1026 3458 1118 Madurensi
3482 1093 3507 1138 ,
3583 1057 3592 1062 “

1345 1152 1951 1269 Mayssurensi
1994 1214 2025 1256 ,
2086 1159 2169 1234 οἳ
2238 1151 2768 1238 Carnatensi.

850 1305 2003 1514 -c‘LEMENs
2121 1385 2691 1500 PAPA
2807 1384 3148 1502 XII.

542 1633 1125 1735 ,Venerabiles
1174 1636 1523 1725 Fratres
1551 1696 1577 1742 ,
1629 1633 1987 1837 Dglecti'l
2007 1632 2235 1719 Filii
2264 1695 2289 1738 ,
2340 1633 2702 1720 salutem
2732 1698 2763 1740 ,
2822 1651 2906 1719 et
2950 1631 3533 1751 Apostolicam

1777 1784 1923 1840 ene
1982 1758 2402 1840 ictionem.

500 1907 1137 2113 Compertum
1177 2060 1207 2106 ,
1256 1995 1935 2114 exploratumque
1979 1996 2244 2083 Vobis
2292 2029 2465 2085 esse
2516 2028 2684 2085 non
2735 1996 3280 2108 ambigimus,
3333 1994 3740 2084 Carolum

366 2117 787 2206 Thomam
865 2118 1136 2204 bonae
1183 2120 1628 2204 memoriae
1680 2139 1879 2203 tunc
1947 2114 2506 2204 Patriarcham
2553 2116 3180 2204 Antiochenum
3248 2148 3440 2204 cum
3504 2143 3740 2232 pote-

369 2259 579 2327 state
628 2237 916 2349 Legati
980 2270 1025 2324 a
1078 2237 1375 2324 Latere
1421 2234 1995 2353 Apostolicum
2050 2235 2727 2324 Commissarium
2756 2300 2781 2341 ‚
2834 2261 2919 2322 et
2952 2238 3478 2324 visitatorem
3513 2297 3539 2342 ,
3591 2232 3742 2323 de-

373 2355 582 2446 inde
630 2356 883 2474 hujus
935 2360 1015 2443 S.
1069 2358 1163 2443 R.
1229 2357 1336 2441 E.
1388 2354 1916 2444 Cardinalem
1967 2352 2073 2442 de
2146 2357 2547 2445 Tournon
2613 2390 2659 2444 a
2709 2353 3340 2444 Praedecessore
3423 2356 3731 2441 Nostro

371 2474 515 2564 sel.
570 2476 886 2565 record.
953 2477 1386 2564 Clemente
1434 2476 1590 2564 XI.
1644 2473 1750 2560 ad
1800 2476 2039 2561 Sinas
2085 2508 2307 2562 anno
2369 2508 2620 2593 1702.
2674 2478 3012 2562 missum
3063 2541 3090 2584 ‚
3167 2477 3320 2562 ubi
3371 2478 3742 2591 primum

371 2594 485 2683 ad
539 2603 833 2683 Arcem
896 2595 1427 2685 Pondicherii
1477 2595 1797 2710 appulit
1828 2656 1855 2700 ‚
1920 2615 2016 2679 ut
2064 2596 2452 2705 gravibus
2480 2659 2513 2699 ‚
2575 2616 2659 2682 et
2704 2597 3194 2707 urgentibus
3244 2597 3738 2684 Missionum

365 2718 463 2803 in
512 2717 816 2830 Regnis
876 2714 1360 2806 Madurensi
1389 2778 1416 2822 ‚
1465 2714 2069 2827 Mayssurensi,
2120 2735 2206 2798 et
2254 2713 2740 2800 Carnatensi
2788 2715 3328 2800 saluberrime
3378 2712 3740 2825 dirigen-

368 2834 671 2924 darum
722 2835 1353 2926 necessitatibus·
1391 2856 1854 2949 opportune
1896 2834 2455 2948 prospiceret,
2522 2829 2987 2920 condidisse
3036 2831 3174 2918 die
3237 2834 3377 2920 23ss
3429 2834 3737 2918 mensis

366 2955 610 3042 Junii
657 2960 857 3042 anni
915 2961 1163 3071 1704.
1225 2955 1579 3042 Decreta
1645 2952 2048 3041 nonnulla
2078 3016 2109 3055 ,
2159 2972 2372 3069 quae
2422 2950 2559 3039 die
2607 2951 2689 3036 8.
2744 2954 3048 3038 mensis
3094 2952 3144 3036 J
3153 2953 3300 3038 ulii
3349 2949 3730 3067 ejusdem

371 3079 577 3162 anni
626 3075 1201 3191 promulgavit.
1266 3071 1492 3159 Cum
1542 3098 1814 3160 autem
1893 3071 2207 3188 aliquot
2255 3102 2354 3158 ex
2398 3070 3041 3159 Venerabilibus
3094 3072 3522 3158 Fratribus
3556 3133 3583 3179 ‚
3649 3093 3737 3159 et

368 3194 727 3282 Dilectis
776 3195 1008 3278 Filiis
1051 3194 1484 3307 Episcopis
1515 3255 1547 3295 ,
1596 3205 1678 3282 e't
1728 3193 1993 3278 Sacris
2043 3187 2473 3277 Indiarum
2522 3190 3079 3279 Orientalium
3130 3194 3518 3308 operariis
3557 3193 3745 3310 qui-

368 3311 739 3400 busdam
788 3316 874 3398 in
933 3311 1228 3398 iisdem
1276 3312 1656 3399 Decretis
1729 3312 2139 3396 contentis
2196 3314 2541 3396 minime
2625 3344 2667 3396 a
2788 3312 3236 3398 uiescentes
3313 3312 3745 3398 reclamas-

370 3456 565 3522 sent
594 3497 628 3538 ,
691 3429 1071 3520 laudatus
1122 3430 1707 3518 praedecessor
1751 3430 2050 3516 Noster
2098 3429 2489 3518 Clemens
2534 3429 2692 3515 XI.
2826 3433 3045 3518 iteris
3091 3434 3191 3517 in'
3229 3429 3494 3517 forma
3541 3430 3743 3519 Bre-

372 3558 506 3645 vis
559 3549 665 3639 ad
717 3541 1227 3668 Episcopum
1277 3552 1965 3664 Meliapurensem
2017 3546 2154 3635 die
2194 3580 2319 3665 ¹7·
2356 3552 2664 3639 mensis
2701 3550 3202 3665 Septembris
3246 3552 3443 3637 anni
3490 3582 3739 3668 1712.

375 3673 654 3779 datis,
715 3670 1198 3760 eorumdem
1257 3672 1810 3760 Decretorum
1869 3667 2428 3757 obedientiam
2463 3734 2488 3779 ,
2553 3693 2637 3758 et
2719 3672 3328 3762 observantiam
3410 3668 3738 3758 tamdiu

376 3794 876 3914 requisivit,
940 3824 1035 3880 ac
1083 3788 1570 3897 mandavit,
1633 3789 1901 3877 donec
1950 3790 2419 3904 Apostolica
2469 3790 2673 3877 haec
2724 3788 2976 3879 Sedes
3028 3823 3318 3880 causae
3365 3823 3749 3898 momen?

376 3917 491 4002 tis
550 3909 908 4000 fideliter
961 3911 1287 4020 relatis,
1350 3933 1435 3998 et
1486 3912 1946 3998 accuratius
1997 3911 2435 4023 inspectis,
2500 3942 2705 4029 quas
2755 3913 3114 4000 novisset
3156 3913 3520 4029 justitiae
3567 3943 3746 3998 ma·

385 4037 510 4147 gis
558 4054 1144 4122 consentaneas
1172 4096 1198 4140 ,
1249 4055 1334 4118 et
1389 4027 1968 4146 propagandae
2005 4027 2522 4118 Christianae
2558 4029 2795 4119 Fidei
2857 4035 3114 4145 magis
3175 4030 3515 4118 idoneas
3561 4060 3750 4146 pro·

380 4149 808 4242 videntiae
854 4184 1047 4238 suae
1093 4153 1319 4258 vias,
1384 4182 1480 4237 ac
1526 4154 1876 4238 rationes
1925 4151 2193 4236 iniret.
2258 4148 2757 4237 Benedictus
2819 4157 3068 4240 etiam
3115 4150 3363 4239 Xlll.
3425 4150 3565 4237 fel.
3620 4181 3745 4239 re·

391 4267 620 4360 cord.
685 4268 976 4358 itidem
1025 4268 1607 4360 Praedecessor
1656 4292 1931 4356 noster
1976 4267 2321 4386 provide
2371 4270 2827 4357 Clementis
2873 4272 3028 4357 XI.
3083 4268 3493 4358 mandatis
3521 4331 3546 4378 ,
3599 4267 3744 4357 de·

387 4390 1030 4495 clarationibus‚
1084 4413 1331 4509 atque
1377 4391 1736 4502 vestigiis
1782 4388 2573 4500 inhaerens3⁴literis
2622 4421 2958 4510 quoque
3010 4395 3096 4477 in
3146 4388 3411 4477 forma
3462 4390 3749 4480 Brevis

383 4509 528 4599 die
586 4540 720 4597 12.
770 4511 1076 4598 mensis
1120 4509 1616 4597 Novembris
1677 4511 1873 4597 anni
1934 4540 2183 4626 1727.
2234 4507 2447 4596 datis
2479 4535 2928 4598 memorata
2963 4509 3428 4597 Cardinalis
3482 4511 3752 4597 Tour-

382 4632 620 4720 nonii
679 4629 1035 4717 Decreta
1086 4627 1733 4720 confirmationis
1793 4628 2089 4715 robore
2147 4629 2524 4716 similiter
2581 4634 2967 4720 munivit.
3031 4631 3206 4717 Nos
3265 4660 3470 4721 vero
3506 4691 3533 4737 ‚
3600 4634 3749 4749 qui

381 4750 634 4868 plane
706 4752 1231 4840 immerentes
1308 4752 1500 4865 ipsis
1582 4749 1941 4838 Summis
2015 4745 2564 4836 Pontificibus
2623 4753 2715 4835 in
2790 4752 3267 4865 Apostolica
3347 4753 3746 4838 servitute

389 4870 979 4976 successimus,
1016 4866 1226 4958 nihil
1275 4891 1656 4985 optamus
1703 4871 2205 4984 impensius,
2258 4900 2513 4987 quam
2563 4892 2656 4956 ut
2686 4870 3213 4958 Sacrosancta
3263 4869 3463 4957 Jesu
3500 4868 3748 4958 Chri-

387 4990 495 5074 sti
541 4986 786 5075 Fides
833 4990 1183 5106 amplius
1232 4991 1321 5075 in
1370 4985 1547 5077 dies
1628 5013 2210 5104 promoveatur
2257 5051 2282 5097 ‚
2344 5014 2595 5111 atque
2644 4993 2872 5092 omni
2921 5021 3079 5107 ope
3143 5021 3587 5094 curemus,
3652 5012 3752 5077 ut

389 5109 459 5193 si
509 5139 674 5226 qua
722 5105 931 5197 forte
1011 5110 1329 5218 magnis
1388 5106 1765 5226 ejusdem
1849 5110 2378 5197 incrementis
2411 5175 2443 5215 ,
2519 5132 2605 5197 et
2674 5112 3241 5226 propagationi
3304 5131 3751 5196 occurrant

388 5224 981 5343 impedimenta
1016 5288 1043 5334 ‚
1104 5225 1144 5348 (
1189 5227 1378 5314 Deo
1449 5229 1664 5318 votis
1718 5232 2016 5316 nostris
2090 5226 2786 5349 obsecundante)
2845 5234 3174 5348 penitus
3226 5227 3729 5316 auferantur.

394 5347 692 5466 Itaque
737 5371 1172 5468 postquam
1221 5349 1751 5456 necessaria,'
1786 5369 1871 5436 et
1920 5351 2261 5435 certiora
2331 5349 2777 5438 habuimus
2838 5349 3336 5438 documenta
3388 5344 3750 5435 Theolo-

397 5490 680 5573 gorum
716 5529 742 5580 ‚
808 5499 901 5580 ac
981 5469 1459 5583 praesertim
1503 5467 2132 5556 Venerabilium
2182 5468 2567 5557 Fratrum
2615 5491 3082 5558 nostrorum
3148 5469 3230 5555 S.
3265 5468 3361 5555 R.
3392 5465 3497 5552 E.
3550 5466 3758 5557 Car·

400 5579 799 5696 di'nalium
846 5618 995 5712 per
1043 5590 1515 5685 universam
1575 5585 2129 5679 Christianam
2179 5588 2812 5708 Rempublicam
2863 5591 3403 5682 Generalium
3467 5588 3754 5712 Inqui-

3513 405 3739 544 '922
