4834 6409
1063 435 1239 551 248

1053 592 1367 652 munus
1416 526 1947 650 concemunt‘
1998 556 2534 666 immediate,
2596 580 2681 648 et
2731 560 2978 651 unice
3027 563 3321 647 nostris
3353 623 3386 665 ‚
3433 583 4074 676 nostrorumque
4119 591 4437 654 succes-

1029 672 1334 770 ⁸sorum
1405 681 1864 768 mandatis:
1916 679 2207 802 'quoad
2293 681 2819 796 disciplinam
2879 684 3729 785 monasticam-vero,
3795 702 4045 801 atque
4103 682 4438 774 Domus

1056 806 1667 891 aeconomicam
1719 800 2289 909 directionem,
2333 803 2537 909 tibi,
2610 825 2695 889 et
2738 803 3140 916 superiori
3206 833 3498 889 eorum
3562 801 3968 914 subJecti:
4043 803 4431 893 volumus

1062 947 1344 1010 autem
2683 956 2690 963 ·

1173 1043 1514 1146 Tertio,
1576 1067 1670 1129 ut
1721 1072 1908 1128 mox
1959 1040 2372 1128 dictorum
2442 1042 3152 1129 Missionariorum
3227 1044 3474 1127 unica
3527 1072 3721 1127 cura
3775 1040 3883 1123 sit
3928 1041 4435 1134 incessanter

1046 1163 1283 1250 intra¹
1310 1155 1815 1277 praedictam
1853 1163 2331 1248 Hallensem
2387 1186 2744 1249 nostram
2787 1162 3396 1250 praefecturam
3424 1224 3449 1267 ‚
3485 1188 3647 1279 qua
3685 1160 3850 1246 late
3899 1156 4101 1246 haec
4152 1165 4430 1283 quoad

1043 1282 1585 1398 temporalem
1666 1280 2387 1398 jurisdictionem,
2474 1277 2908 1388 districtu,
2977 1286 3243 1370 civico
3299 1282 3626 1367 incluso
3699 1311 3786 1366 se
3846 1284 4270 1394 protendit
4318 1283 4428 1373 de

1043 1401 1233 1488 loco
1282 1400 1388 1488 ad
1439 1403 1715 1489 locum
1747 1465 1771 1509 ‚
1826 1425 1906 1491 et
1955 1406 2021 1488 si
2060 1434 2393 1488 necesse
2446 1403 2738 1509 inerit,
2794 1408 3040 1488 etiam
3091 1399 3198 1489 de
3265 1399 3516 1486 domo
3564 1396 3674 1485 ad
3746 1397 4093 1485 domum
4144 1435 4434 1492 excur⁴

1044 1551 1227 1609 rere
1262 1585 1286 1629 ,
1352 1522 1914 1628 catechizare,
1985 1520 2233 1609 rudes
2282 1525 2366 1606 in
2420 1521 2824 1607 Doctrina
2875 1522 3348 1609 Christiana
3414 1523 3822 1606 instruere
3857 1583 3884 1626 ,
3949 1517 4431 1611 dubitantes

1046 1639 1155 1725 ad
1205 1646 1429 1729 viam
1479 1647 1844 1730 veritatis
1901 1640 2296 1729 reducere
2331 1704 2356 1747 ,
2420 1664 2510 1727 et
2559 1644 2646 1724 in
2735 1642 2890 1729 hac
2953 1638 3448 1729 confirmare
3484 1703 3509 1746 ‚
3575 1645 3660 1726 in
3713 1639 4166 1728 haereticos
4206 1707 4231 1750 ‚
4302 1647 4433 1732 vel

1048 1756 1158 1847 de
1232 1759 1546 1848 haeresi
1584 1775 2038 1878 ‘suspectos
2072 1827 2101 1866 ,
2164 1761 2471 1846 horum
2546 1758 3085 1850 Consultores
3122 1825 3147 1868 ,
3216 1761 3612 1846 Fautores
3660 1823 3691 1862 ,
3785 1759 4425 1874 Receptatores,

1048 1879 1456 1967 librorum
1509 1882 2183 1970 Acatholicorum
2238 1880 2766 1985 detentores,
2823 1882 2962 1968 vel
3023 1881 3556 1969 detentorum
3617 1882 4041 1986 conscios,
4107 1907 4192 1969 et
4260 1918 4428 1971 non

1045 2002 1506 2088 revelantes
1556 2034 1694 2090 eos
1744 2006 1827 2088 in
1879 2003 2401 2088 Provinciam
2461 2024 2818 2089 nostram
2871 1999 3279 2107 ferentes,
3314 2002 3445 2087 vel
3482 1996 4001 2085 intrudentes
4037 2066 4062 2109 ‚
4095 2035 4425 2094 eorum-

1046 2150 1212 2237 que
1264 2123 1775 2209 auxiliatores
1811 2186 1835 2230 ,
1890 2124 2259 2208 conscios
2296 2186 2320 2226 ,
2374 2154 2522 2208 seu
2575 2125 3008 2237 participes
3061 2124 3483 2238 inquirere
3518 2181 3543 2224 ‚
3612 2117 3928 2236 hosque
3959 2186 3991 2226 ,
4057 2147 4141 2209 et
4219 2127 4422 2212 alios

1042 2237 1530 2354 hujusmodi
1578 2241 1889 2329 farinae
1954 2241 2328 2329 homines
2378 2243 2620 2327 nobis
2655 2305 2680 2348 ‚
2731 2243 2867 2326 vel
2920 2243 3054 2327 cui
3105 2272 3255 2353 per
3303 2240 3532 2341 Nos,
3584 2261 3669 2325 et
3717 2240 4242 2331 successores
4285 2277 4426 2333 no·

1048 2385 1258 2448 stros
1310 2361 2009 2467 demandabitur,
2074 2364 2251 2448 sine
2334 2363 2611 2479 aliqua
2693 2362 3243 2446 Personarum
3325 2361 3890 2472 acceptatione
3937 2424 3962 2467 ‚
4029 2369 4428 2485 omnique

1047 2485 1400 2597 seposito
1464 2483 1832 2570 hnmano
1909 2478 2214 2568 affectu
2265 2480 2772 2568 denunciare
2823 2481 3178 2568 verbum
3262 2477 3705 2581 divinum,
3749 2503 3850 2573 ‚et
3927 2482 4165 2570 Fidei
4229 2483 4432 2597 dog-⁶

1043 2624 1265 2688 mata
1318 2602 1594 2690 ubivis
1626 2669 1655 2708 ,
1719 2628 1803 2690 et
1853 2605 2097 2688 etlam
2151 2633 2248 2688 ex
2299 2598 2715 2687 Cathedra
2765 2600 2803 2719 (
2833 2605 2949 2687 sic
2999 2624 3271 2687 tamen
3313 2661 3338 2704 ‚
3410 2621 3505 2682 ut
3586 2597 4192 2688 ordinariorum
4261 2637 4426 2690 non

1046 2720 2299 2811 disturbentur*Ecclesiasticae
2349 2721 2877 2831 functiones)
2916 2725 3128 2807 intra
3157 2723 3351 2833 ipsis
3390 2716 4446 2828 designatum-districtum·

1044 2839 1369 2929 tradere
1404 2908 1430 2950 ‚
1497 2848 1612 2929 sic
1642 2907 1666 2950 ‚
1744 2867 1829 2930 et
1876 2845 2435 2956 poenitentiae
2491 2841 3121 2927 Sacramentum
3168 2839 3412 2958 (sola
3496 2836 3832 2952 dempta
3909 2840 4424 2931 confessione

1043 2960 1414 3049 Paschali
1456 3026 1480 3070 ‚
1544 2968 1609 3048 si
1666 2964 2034 3049 locorum
2086 2960 2498 3047 Curiones
2549 2961 2766 3045 ultro
2817 2992 2983 3046 non
3038 2955 3568 3074 annuerent)
3620 2959 4236 3050 sacrosanctam
4284 2996 4424 3052 ve·

1042 3112 1137 3166 ro
1186 3083 1789 3168 Eucharistiam
1846 3086 1927 3166 i‘n
1980 3080 2355 3166 Ecclesia
2409 3079 2906 3190 Turnberg‚
2971 3080 3172 3164 alibi
3226 3109 3422 3165 vero
3478 3108 3640 3162 non
3696 3083 3848 3165 nisi
3887 3146 3913 3187 ‚
3980 3116 4234 3201 quam
4285 3119 4438 3173 ειει·ΙΙ

1043 3198 1392 3286 cedente
1445 3205 1808 3317 ipsorum
1860 3202 2299 3286 curionum
2367 3230 2697 3285 assensu
2729 3262 2754 3303 ,
2793 3198 3416 3285 administrare.
3472 3199 3685 3283 Item
3751 3207 4010 3313 aegris
4047 3265 4071 3309 ,
4111 3227 4194 3289 et
4247 3230 4428 3292 mo-

1040 3316 1424 3404 ribundis
1502 3322 1879 3408 solatium
1937 3352 2129 3407 cum
2184 3320 2485 3406 auxilio
2548 3318 3094 3433 impendere,
3157 3341 3405 3439 atque
3481 3348 3866 3431 peragere
3914 3353 4009 3411 ea
4073 3328 4345 3413 omnia
4395 3389 4423 3431 ,

1042 3437 1840 3557 quae-individuum
1894 3441 2381 3527 Missionarii
2444 3440 2889 3553 Apostolici
2945 3443 3189 3550 exigit
3241 3470 3545 3523 munus
3582 3502 3607 3543 ‚
3672 3445 3857 3554 jure
3906 3445 4423 3558 sepulturae,

1040 3561 1371 3679 alioque
1418 3593 1953 3682 quocumque
2002 3559 2446 3679 parochiali
2499 3589 2819 3674 semper
2852 3625 2883 3664 ,
2947 3583 3028 3647 et
3080 3561 3395 3685 ubique
3445 3582 3665 3647 extra
3717 3588 4087 3650 montem
4141 3566 4419 3652 Turn-

1037 3674 1241 3790 berg
1290 3702 1655 3798 excepto.
2797 3722 2802 3727 ·
4209 3732 4216 3737 ·
4421 3714 4432 3725 ·

1070 3834 1077 3843 ·
1160 3799 1484 3906 Quarto
1548 3826 1985 3890 teneantur
2037 3805 2339 3916 pariter
2390 3804 2474 3885 in
2527 3806 2778 3887 vitam
2814 3865 2837 3906 ‚
2890 3824 2974 3886 et
3025 3807 3290 3886 mores
3357 3831 3520 3885 non
3573 3801 3828 3886 modo
3874 3805 4402 3895 subditorum

1036 3921 1230 4032 ipsis
1270 3920 1567 4039 'quoad
1620 3922 2034 4009 Missionis
2085 3923 2638 4007 Ministerium
2694 3923 3354 4027 commissorum,
3409 3920 3552 4007 sed
3590 3946 3991 4011 eteorum
4028 3929 4414 4046 ‚quibus

1034 4041 1187 4154 ipsi
1239 4040 1548 4128 subditi
1602 4047 1827 4131 -intra
1878 4041 2402 4154 designatum
2452 4044 2945 4127 Districtnm
2998 4072 3096 4126 ex
3143 4039 3634 4126 demandata
3689 4045 4035 4131 a⁴Nobis
4087 4045 4436 4160 jurisdi-·

1034 4161 1308 4246 ctione
1358 4164 1771 4271 subsunt,
1841 4161 2131 4248 sedulo
2185 4163 2668 4271 invigilaro3
2755 4159 3118 4278 datoque
3168 4157 3500 4246 defectu
3554 4161 3958 4274 Religioni
4038 4166 4406 4276 directe,

1027 4279 1167 4365 vel
1215 4279 1621 4369 indirecte
1669 4284 2129 4396 pernicioso
2159 4344 2181 4386 ,
2218 4286 2283 4366 si
2335 4275 2691 4368 fraterna
2743 4278 3201 4364 admonitio
3260 4310 3423 4365 non
3479 4282 3708 4368 tollat
3747 4285 4036 4393 nobis,
4092 4309 4176 4375 et
4225 4316 4408 4377 suc·

1032 4401 1492 4485 cessoribns
1546 4406 1838 4488 nostris
1891 4400 2360 4487 adnostras
2408 4432 2646 4487 aures
2695 4397 3055 4500 deferre,
3113 4403 3324 4487 sicut
3377 4431 3423 4485 e
3475 4430 3873 4489 converso
3910 4470 3933 4511 ,
3975 4430 4058 4492 et
4113 4410 4405 4495 nostris

1034 4514 1727 4605 demandabimus
1776 4520 2109 4609 decanis
2161 4521 2574 4607 ruralibus
2643 4543 3163 4636 perspectum
3228 4516 3590 4607 habendi
3645 4580 3669 4629 ‚
3736 4556 3838 4608 an
3915 4526 4432 4615 Missionarii‘

1032 4640 1189 4749 ipsi
1238 4638 1647 4724 Missionis
1703 4675 2007 4726 munus
2055 4640 2336 4725 debite
2388 4640 2934 4756 adimpleant,
2987 4662 3071 4723 et
3108 4662 3646 4756 assequantur
3680 4675 3774 4729 ex
3813 4677 4037 4753 asse,-
4093 4646 4420 4765 quidve-

1034 4782 1484 4871 operentur
1534 4758 1924 4848 adversus
1974 4760 2119 4846 has
2173 4784 2484 4846 nostras
2535 4762 2753 4871 leges
2790 4796 2838 4865 ‚·
2878 4758 3144 4842 Nobis
3193 4756 3565 4847 desectus
3595 4824 3618 4868 ‚
3685 4764 3828 4848 ubi
3921 4765 4065 4853 hos
4129 4772 4192 4854 si
4257 4772 4433 4853 ali-⁸

1031 4879 1551 5001 quipraeter
1601 4910 1827 4994 spem
1884 4890 2242 4967 nostram
2293 4910 2628 4967 omnem
2686 4880 3180 4990 contigerint
3215 4942 3242 4985 ,
3305 4878 3664 4969 fraterna
3727 4882 4183 4975 admonitio
4236 4919 4428 4976 non·

1029 4997 1371 5113 dissipet
1406 5062 1429 5106 ‚
1498 4997 1780 5088 debite
1833 5003 2228 5088 relaturis.
3169 5040 3176 5047 ·
4327 5010 4336 5017 '

1066 5168 1079 5189 ι
1130 5119 1553 5228 Quinto:
1616 5121 2147 5236 Quapropter
2213 5125 2960 5234 praesentabuntur
3007 5119 3248 5206 nobis
3301 5121 3472 5210 viri·
3503 5156 3693 5211 cum
3743 5129 4081 5215 scientia
4113 5192 4136 5237 ‚
4201 5159 4424 5217 cum·

1027 5243 1381 5331 et‘vitae
1427 5243 1969 5328 sanctimonia
2024 5239 2283 5348 clari,
2373 5246 2631 5356 justi,
2695 5242 3150 5354 incorrupti
3189 5246 3238 5347 ‚'
3281 5244 3575 5355 integri
3614 5307 3639 5350 ‚
3705 5276 3996 5338 suaves
4072 5272 4158 5336 et
4206 5251 4432 5334 insi-³

1020 5354 1202 5453 mul
1252 5365 1566 5469 severi,
1634 5391 1974 5474 graves,
2028 5391 2404 5472 sagaces,
2471 5392 2663 5448 cum
2729 5367 2811 5448 in
2870 5360 3282 5447 Polemica
3321 5426 3346 5469 ‚
3414 5396 3604 5450 curn
3670 5372 3885 5454 et'in
3939 5367 4116 5476 his,
4181 5398 4424 5487 quaer

1022 5477 1141 5566 ad·
1206 5483 1607 5583 notitiam·
1674 5481 2297 5597 promovendae*
2351 5480 2877 5572 ·haereticalis
2940 5483 3496 5596 inquisitionis
3561 5485 4107 5597 conducunt,
4173 5489 4418 5576 bene’

1018 5603 1317 5703 versati
1360 5665 1384 5713 ‚
1451 5616 1619 5692 nec‘
1657 5606 2063 5725 accipient
2113 5634 2158 5693 a
2208 5598 2562 5692 subditis
2619 5600 2896 5732 quoad
2948 5600 3361 5697 Missionis
3439 5637 3744 5699 munus
3819 5611 4427 5734 eis-subjectin‘

904 4740 949 4748 -ι
