4834 6409
1196 276 1217 315 Χ

1054 405 1228 495 286
4075 490 4082 495 ,

1048 517 1347 616 cialem
1382 587 1408 631 ‚
1470 551 1927 641 eorumque
1977 520 2433 634 singulares
2510 548 2895 636 personas
2945 555 2990 610 a
3043 504 3479 642 quibusvis
3540 519 4440 629 excommunicationis,

1051 649 1606 762 suspensionis
1657 707 1682 751 ‚
1735 668 1819 732 et
1865 643 2285 729 interdicti
2326 668 2350 747 3
2408 643 2764 762 aliisque
2811 645 3415 732 Ecclesiasticis
3479 645 3906 753 sententiis
3938 709 3968 747 ,
4019 644 4437 755 censuris,

1057 794 1141 855 et
1200 769 1488 881 poenis
1541 800 1584 852 a
1635 771 1879 880 jure,
1947 766 2077 849 vel
2138 763 2246 850 ab
2297 761 2636 850 homine
2687 769 2985 882 quavis
3033 769 3462 851 occasione
3498 829 3523 874 ,
3588 766 3724 851 vel
3789 795 4028 850 causa
4092 764 4325 869 latis,
4379 764 4452 848 si

1058 889 1371 1006 quibus
1420 885 2056 1004 quomodolibet
2106 881 2554 971 innodatae
2606 890 2966 972 existunt
3015 883 3121 972 ad
3153 884 3551 973 effectum
3601 887 4155 1000 praesentium
4208 881 4451 969 dum-

1061 1033 1275 1095 taxat
1328 1004 2012 1124 consequendum
2092 1004 2390 1090 harum
2455 1009 2664 1097 serie
2729 1006 3260 1119 'absolventes
3305 1071 3328 1117 ‚
3387 1030 3470 1093 et
3520 1006 3934 1092 absolutas
4015 1002 4195 1091 sore
4260 1033 4454 1090 cen-

1060 1150 1329 1216 sentes
1359 1193 1382 1233 ,
1437 1128 2179 1241 supplicationibus
2230 1154 2518 1237 eorum
2569 1130 2910 1214 nomine
2958 1127 3223 1213 Nobis
3272 1158 3521 1243 super
3571 1124 3732 1212 hoc
3781 1124 4215 1211 humiliter
4260 1153 4452 1240 por-

1061 1252 1305 1335 rectis
1356 1249 1790 1352 inclinati,
1845 1246 2247 1333 moderno
2283 1309 2306 1352 ,
2380 1269 2465 1331 et
2515 1277 2663 1359 pro
2723 1271 3095 1363 tempore
3141 1247 3682 1350 existenti-bus
3735 1243 3936 1332 dicti
4004 1240 4443 1332 Seminarii

1067 1367 1654 1454 Italo-Graecis
1742 1369 2073 1452 Coi-sini
2148 1367 2698 1473 Rectoribus,
2765 1388 2863 1452 ut
2933 1372 3083 1482 ipsi
3151 1367 3257 1455 de
3344 1364 3636 1454 cetero'
3680 1365 4302 1472 deconsensu,
4367 1366 4453 1452 et

1067 1490 1559 1575 auctoritate
1618 1484 1960 1602 praefati
2015 1552 2039 1594 ,
2116 1484 2210 1574 .et
2270 1519 2420 1601 pro
2498 1510 2894 1601 tempore·
2931 1490 3347 1597 existentis
3411 1489 3825 1573 Antistitis
3885 1483 4371 1602 hujusmodi
4411 1500 4452 1593 ‘‚

1067 1633 1166 1694 ut
1222 1611 1839 1723 praemittitur,
1909 1606 2495 1714 moderatoriS,
2583 1632 2667 1694 et
2716 1608 3319 1717 Praesidentis,
3393 1610 3857 1714 Alumn03‚
3922 1638 4066 1692 seu
4140 1604 4455 1693 Convi-

1070 1753 1394 1835 ctoreS,
1461 1731 1607 1845 qui
1694 1726 2271 1843 Philosophiae
2324 1792 2348 1836 ,
2441 1752 2527 1815 et
2602 1731 2898 1814 Sacrae
2970 1728 3474 1838 Theologiae
3543 1759 3878 1813 cursum
3981 1730 4068 1812 in
4159 1723 4457 1812 eodem

1075 1850 1535 1945 Seminario
1587 1848 2000 1957 integrum
2050 1881 2196 1964 per
2242 1878 2384 1935 sex
2431 1850 2726 1934 saltem
2787 1881 3050 1934 annos
3097 1851 3694 1964 compleverint
3730 1910 3753 1954 ‚
3823 1871 4072 1968 atque
4126 1849 4210 1931 in
4263 1846 4456 1932 ulti·

938 2054 943 2059 .
1069 1999 1211 2053 mo
1258 1969 1603 2054 biennio
1685 1972 1933 2054 etiam
2013 1971 2346 2056 lectioni
2441 1969 2741 2055 Sacrae
2789 1971 3264 2085 scripturae
3321 1998 3469 2082 per
3527 1968 3819 2053 horam
3889 1964 4263 2083 quotidie
4313 1996 4459 2052 va·

1073 2090 1445 2175 caverint
1477 2150 1502 2193 ,
1569 2119 1894 2174 necnon
1947 2090 2338 2175 omnibus
2388 2088 2925 2207 qualitatibus
2975 2088 3083 2174 ad
3135 2088 3219 2174 id
3259 2092 3668 2209 requisitis
3718 2085 4068 2201 praedit-i
4117 2083 4456 2192 fuerint,

1068 2206 1180 2295 ad
1228 2207 1757 2295 Doctoralem
1810 2233 1980 2295 tam
2032 2213 2116 2295 iu
2187 2207 2818 2323 Philosophiae,
2885 2242 3138 2330 quam
3226 2210 3520 2295 Sacrae
3584 2208 4091 2318 Theologiae
4168 2204 4462 2292 studiis

1068 2326 1481 2416 Lauream
1536 2334 2024 2416 auctoritate
2074 2319 2349 2415 n'ostra
2406 2329 2874 2445 Apostolica
2936 2328 3534 2447 promovendi,
3606 2330 3936 2448 illisque
3985 2327 4222 2414 solita
4286 2326 4466 2413 lau·

1075 2480 1259 2539 reae
1294 2447 1795 2562 ,hujusmodi
1846 2452 2197 2560 insignia
2267 2447 2777 2537 conferendi.

716 2572 1054 2685 privilegia
1189 2581 1269 2678 5.
1339 2567 1422 2654 5.
1490 2570 1780 2688 thue
1823 2570 1963 2657 sic'
2014 2573 2428 2686 promoti,
2490 2592 2572 2655 et
2636 2567 3025 2656 declarati
3091 2569 3482 2657 omnibus
3518 2633 3543 2677 ‚
3610 2591 3692 2655 et
3739 2568 4083 2679 singulis
4130 2568 4468 2686 privile·-

692 2668 1005 2825 ⁸¹⁰sL⁸¹¹⁹
1078 2692 1277 2803 giis,
1347 2693 1998 2805 praerogativis,
2082 2691 2805 2806 praeeminentiis,
2889 2694 3218 2800 gratiis,
3279 2715 3365 2778 et
3417 2691 3816 2796 indultiS,
3893 2688 4201 2809 quibus
4264 2688 4463 2796 alii,

690 2780 885 2919 235¹?
909 2779 1049 2826 ὐπ’
1077 2814 1224 2930 qui
1278 2810 1685 2896 Lauream
1771 2809 2252 2926 hujusmodi
2326 2815 2420 2896 iu
2462 2840 3001 2930 quacumque
3066 2811 3402 2926 publica
3486 2808 3749 2898 studii
3807 2809 4207 2919 generalis
4279 2812 4468 2894 uni-

1072 2934 1460 3019 versitate
1510 2927 2107 3043 susceperint„
2138 2953 2302 3018 tam
2378 2930 2492 3016 de
2541 2935 2726 3045 jure
2756 2994 2783 3039 ,
2837 2960 2992 3014 usu
3027 2990 3056 3037 ,
3110 2954 3194 3017 et
3240 2928 3845 3018 consuetudine
3876 2992 3899 3034 ‚
3970 2958 4224 3047 quam
4275 2928 4473 3014 alias

1145 3050 1718 3136 uomodolibet
1766 3044 2119 3137 utuntu'r
2162 3112 2191 3158 .‚
2240 3049 2637 3138 fruuntur
2667 3114 2695 3157 ,
2760 3074 2844 3137 et
2878 3046 3300 3162 gaudent,
3337 3082 3463 3145 ‚ac
3549 3053 3669 3136 uti
3708 3107 3738 3155 ,
3833 3047 4059 3154 frui,
4127 3070 4211 3134 et
4273 3078 4469 3160 gau-

1080 3085 1279 3258 dere
1328 3192 1722 3285 possunt,
1788 3192 1871 3255 et
1930 3172 2323 3285 poterunt
2388 3174 2477 3256 in
2550 3168 2983 3275 futurum,
3048 3174 3222 3285 pari
3302 3168 3554 3256 modo
3602 3234 3626 3276 ,
3727 3191 3811 3257 et
3899 3169 4213 3291 absque
4297 3170 4470 3257 ulla

1076 3286 1411 3407 prorsus
1460 3288 1928 3378 differentia
1981 3295 2100 3377 uti
2140 3354 2165 3399 ,
2228 3291 2392 3383 frui
2443 3356 2470 3398 ‚
2537 3314 2621 3378 et
2696 3288 3053 3402 gaudere
3139 3291 3455 3393 libere,
3523 3314 3607 3378 et
3656 3290 3876 3375 licite
3938 3292 4315 3404 possint,
4378 3314 4473 3377 et

1084 3411 1413 3499 valeant
1474 3413 1559 3495 in
1637 3411 2024 3497 omnibus
2050 3476 2080 3516 ,
2150 3435 2238 3517 et*
2281 3424 2430 3527 per
2492 3415 2768 3497 omnia
2817 3409 2923 3496 ad
2972 3412 3584 3499 Ecclesiasticas
3635 3440 3974 3527 quoque
4024 3414 4471 3526 quascum'-

1147 3538 1252 3616 ue
1301 3532 1545 3616 etiam
1607 3524 1958 3644 majores
2009 3536 2092 3618 in
2146 3530 2787 3627 Cathedralibus
2820 3544 2882 3636 ,‘
2914 3562 3010 3617 ac
3072 3530 3728 3645 Metropolitanis
3777 3530 4171 3615 Ecclesiis
4220 3534 4470 3616 etiam

1083 3565 1608 3735 {raesula‘tus
1666 3648 2101 3762 dignitates
2134 3716 2162 3758 ,
2202 3651 2547 3768 perinde
2610 3684 2704 3737 ac
2755 3655 2816 3737 si
2885 3651 3288 3738 Lauream
3341 3648 3823 3767 hujusmodi
3877 3652 3960 3734 in
4016 3650 4288 3770 aliqua
4329 3683 4470 3767 ap·

1083 3769 1429 3885 probata
1478 3767 1728 3855 studii
1780 3774 2180 3883 generalis
2241 3766 2575 3888 publica
2625 3770 3186 3859 Universitate
3257 3773 3773 3884 susceperint
3833 3766 4054 3854 dicta
4117 3768 4468 3856 auctori-

1084 3913 1254 3976 tate
1305 3888 1871 3996 concedendi,
1938 3896 2035 3979 et¹
2071 3891 2565 4005 indulgendi
2628 3893 3013 4007 plenam,
3059 3875 3164 3978 'et
3225 3894 3584 4008 amplam
3633 3888 4114 3980 facultatem
4177 3888 4470 3979 eadem

1021 4118 1029 4127 .
1086 4011 1575 4098 auctoritate
1643 4008 1921 4098 tenore
1968 4018 2524 4125 praesentium
2576 4014 3022 4098 tribuimus
3059 4074 3083 4119 ,
3169 4035 3251 4099 et
3300 4013 3842 4127 impertimur.
4265 4024 4270 4033 '
4342 4014 4353 4048 ¹

736 4142 1063 4249 ‘Praessn-
1204 4128 1269 4231 S.
1332 4134 1422 4217 6.
1477 4130 2043 4217 Decernentes
2090 4132 2420 4221 easdem
2481 4131 2945 4248 praesentes
2996 4133 3267 4219 literas
3315 4131 3592 4219 firmas
3627 4195 3652 4238 ‚
3717 4127 4029 4220 validas
4061 4190 4089 4237 ,
4156 4152 4241 4217 et
4290 4128 4470 4220 effi-

703 4251 866 4303 ²¹¹²¹¹¹
902 4233 1065 4391 ¹⁴2ss·
1093 4281 1326 4337 caces
1376 4253 1716 4337 existere
1753 4313 1778 4356 ,
1842 4275 1924 4336 et
1972 4248 2148 4340 sore
2176 4317 2205 4357 ,
2267 4283 2626 4376 suosque
2685 4253 3091 4367 plenarios
3126 4317 3151 4359 ,
3223 4275 3308 4339 et
3366 4256 3729 4364 integros
3776 4248 4121 4339 effectus
4169 4254 4468 4360 sortiri,

706 4347 962 4485 2⁸32}
1036 4359 1176 4456 ‘et
1225 4370 1598 4456 obtinere
1630 4433 1658 4476 ,
1726 4403 1820 4456 ac
1869 4372 2083 4482 illis,
2150 4371 2253 4459 ad
2306 4405 2516 4495 quos
2580 4396 2888 4486 spectat
2939 4374 3407 4486 plenissime
3490 4370 3916 4482 suffragari
3956 4434 3982 4478 ,
4045 4373 4330 4490 sicque
4383 4374 4471 4458 iu

974 4536 985 4557 =
1088 4492 1549 4603 praemissis
1615 4520 1763 4605 per
1843 4502 2418 4630 quoscumque
2491 4491 2831 4579 Judices
2917 4489 3404 4581 Ordinarios
3449 4556 3480 4598 ‚
3565 4516 3650 4578 et
3728 4489 4143 4602 delegatos
4221 4493 4472 4579 etiam

1091 4608 1551 4713 Causarum
1620 4610 1913 4701 Palatii
1964 4613 2416 4729 Apostolici
2492 4611 2938 4700 Auditores
3001 4611 3409 4729 judicari,
3492 4635 3575 4700 et
3621 4608 3953 4699 definiri
4017 4609 4472 4701 debereac

1090 4731 1471 4836 irritum,
1545 4750 1628 4815 et
1709 4732 2014 4839 inane,
2089 4736 2157 4819 si
2204 4766 2440 4823 secus
2487 4764 2735 4847 super
2815 4732 2944 4819 his
3004 4764 3066 4820 ει·
3125 4763 3549 4857 quoquam
3613 4734 3906 4853 quavis
3987 4734 4471 4819 auctoritate

1088 4852 1445 4937 scienter
1479 4913 1505 4953 ‚
1569 4849 1708 4936 vel
1754 4853 2229 4960 ignoranter
2278 4855 2717 4965 contigerit
2769 4857 3173 4952 attentari.
3433 4854 3442 4963 j
3700 4890 3709 4899 ·
3793 4956 3800 4963 .
4131 4848 4141 4858 ’
4413 4858 4420 4863 ’

719 4990 1063 5097 Βετοςεῃῑο
1192 4968 1299 5093 §s
1332 5004 1426 5093 J·
1494 4967 1683 5069 Non
1736 4970 2256 5062 obstantibus
2307 4974 3117 5082 Constitutionibus,
3169 4999 3254 5064 et
3303 4970 3999 5063 ordinationibus
4059 4970 4471 5089 Apostoli-

704 5096 1065 5149 ⁰⁰¹¹¹ffl¹⁰·
1092 5092 1205 5177 cis
1240 5153 1266 5197 ,
1322 5093 1779 5213 ceterisque
1828 5099 2252 5203 contrariis
2316 5096 3015 5213 quibuscumque.

707 5196 872 5244 '⁰¹¹¹‘
1207 5210 1523 5299 Datum
1579 5208 1889 5298 Romae
1939 5214 2169 5329 apud
2228 5219 2309 5303 S.
2342 5217 2688 5302 Mariam
2740 5213 3148 5327 Majorem
3207 5216 3381 5306 sub
3431 5215 3778 5305 Annulo
3845 5215 4279 5303 Piscatoris
4329 5210 4466 5303 die

1099 5333 1234 5448 14.
1290 5331 1719 5421 Februarii
1795 5334 2043 5451 1739.
2111 5336 2349 5424 Pont-
2409 5337 2667 5424 nostri
2717 5367 2937 5423 anno
2985 5334 3137 5420 IX.
