4834 6409
1224 476 1249 545 J
2198 466 2209 473 ”
2563 470 2572 481 '
3615 470 3785 554 229

536 566 1081 688 Indulgentt’a
1135 565 1529 681 plenaria
1601 587 2009 681 perpetua
2069 596 2125 652 a
2170 568 2323 667 *SS.
2381 570 2496 655 D.
2547 562 2669 653 ΝΖ
2757 562 3180 651 Clemente
3249 562 3494 677 Papa
3575 562 3787 649 XII.

657 691 1009 805 benigne
1090 717 1479 773 concessa
1569 690 2077 802 Capuccinis
2152 688 2433 776 Gallis
2468 751 2494 796 ,
2572 703 2670 787 et,
2739 686 3142 771 Hibernis
3171 768 3180 777 ,
3205 682 3792 773 Missionariis

666 803 1173 922 Apostolicis
1235 812 1325 890 in
1354 858 1363 867 ·
1378 811 1766 920 partibus
1798 808 2397 913 ⁸Orientalibus
2461 807 3014 892 existentibus
3045 868 3069 910 ,
3147 828 3468 889 necnon
3526 803 3793 895 omni-

664 929 815 1013 bus
856 929 1028 1039 piis
1070 933 1445 1039 person-is
1531 925 1803 1013 virilis
1850 959 2108 1014 sexus
2133 991 2166 1032 ,
2246 934 2402 1047 qui
2454 958 2611 1039 per
2683 930 3057 1045 quinque
3138 923 3314 1009 dies
3361 922 3794 1015 continuos

664 1062 963 1131 vacant
1012 1050 1450 1132 exercitiis
1518 1048 2100 1161 spiritualibus
2185 1051 2275 1132 in
2343 1044 2825 1133 eorumdem
2873 1048 3290 1131 Domibus
3323 1110 3348 1154 ,
3418 1040 3551 1129 vel
3621 1039 3797 1125 Ho-

668 1169 971 1280 spitiis.
1408 1194 1417 1199 ·

923 1402 2059 1522 CLEMENS
2205 1402 2807 1541 PAPA
2954 1398 3296 1517 XII.

1092 1606 1097 1613 ⁸
1372 1648 1549 1761 ⁶Aa?
1596 1671 2093 1766 perpetuam
2144 1660 2277 1738 rei
2307 1653 2831 1808 memoriam.

544 1792 1541 2005 Cumflsicu't‘dilectus
1598 1888 1843 1979 'filius
1894 1891 2434 1995 Cherubinus
2495 1889 2602 1978 de
2647 1889 2924 1976 Noves
2959 1888 3377 1974 -Fratrum
3441 1884 3790 1977 Ordinis

418 1994 846 2099 Minorum
902 2008 981 2094 S.
1018 2008 1441 2127 ⁴Francisci
1498 2009 2166 2126 capuccinorum
2217 2012 2705 2116 Gallorum,
2743 2031 2827 2095 et
2876 2008 3440 2099 Hibernorum
3478 2011 3563 2094 in
3617 2043 3804 2125 par·

421 2124 651 2228 tibus
701 2120 1328 2245 Orientalibus,
1390 2152 1478 2215 et
1515 2130 2202 2241 occidentalibus
2248 2133 2958 2229 Missionariorum
3006 2129 3674 2245 Apostolicorum
3713 2133 3802 2216 in

421 2244 790 2363 Romana
842 2248 1098 2366 Curia
1162 2252 1652 2363 Procurator
1689 2251 1951 2357 Nobis
2002 2284 2267 2367 nuper
2314 2256 2613 2366 exponi
2662 2248 2862 2337 fecit
2911 2251 3293 2336 exercitia
3346 2250 3803 2364 spiritualia

423 2368 512 2450 in
592 2366 1072 2476 Domibus,
1134 2370 1728 2487 vel-Hospitiis
1773 2371 2291 2475 eorumdem
2367 2372 3076 2463 Missionariorum
3150 2365 3330 2454 fieri
3380 2430 3407 2473 ,
3473 2369 3805 2488 illisque

426 2507 601 2571 tam
664 2482 864 2607 dicti
931 2478 1317 2605 Fratres,
1377 2524 1629 2612 quam
1679 2493 1817 2576 alii
1870 2489 2473 2595 Christifideles
2541 2491 2795 2577 virilis
2861 2521 3097 2577 sexus
3160 2518 3326 2607 non
3392 2490 3572 2579 sine
3631 2520 3805 2576 ma·

423 2635 590 2714 gno
641 2609 1101 2697 animarum
1153 2643 1493 2697 suarum
1569 2609 1850 2695 fructu
1912 2641 2205 2699 vacare
2265 2613 2871 2700 consueverint.
2951 2609 3125 2693 Nos
3189 2638 3477 2695 eorum
3549 2604 3805 2696 devo·-

430 2727 741 2823 tionem
778 2791 807 2831 ,
871 2732 1014 2849 qui
1055 2734 1279 2845 operi
1312 2726 1526 2841 adeo
1585 2732 1727 2845 pio
1763 2753 1938 2836 „et
1983 2731 2292 2819 salubri
2345 2727 2737 2842 deinceps
2796 2727 3274 2815 vacaverint
3322 2728 3808 2815 coelestium

296 2864 303 2871 ·
424 2841 856 2932 Ecclesiae
921 2848 1492 2936 thesaurorum
1545 2851 2025 2963 elargitione
2103 2854 2355 2961 magis
2417 2852 2770 2935 excitare
2832 2848 3205 2933 volentes
3241 2908 3286 2951 „
3332 2843 3441 2935 de
3504 2845 3804 2935 Omni-

424 2966 783 3077 potentis
853 2964 1019 3053 Dei
1068 2965 1680 3075 misericordia,
1746 3003 1842 3058 ac
1880 2970 2083 3055 --BB.
2155 2971 2439 3076 Petri,
2503 2992 2587 3056 et
2646 2967 2884 3053 Pauli
2952 2966 3588 3081 Apostolorumv
3622 2972 3804 3081 ejus

428 3086 914 3197 auctoritate
963 3084 1249 3199 confisi
1289 3152 1317 3196 ‚
1380 3091 1765 3197 omnibus
1794 3154 1820 3196 ‚
1885 3113 1969 3177 et
2017 3091 2359 3201 singulis
2409 3112 2578 3174 tam
2640 3084 3078 3204 praedictis
3132 3086 3556 3172 Fratribus
3604 3087 3805 3174 Mis-

428 3198 866 3309 sionariis',
931 3211 1423 3326 quam-'aliis
1476 3207 2181 3300 Christifidelibus
2234 3210 2488 3307 virilis
2567 3238 2805 3295 sexus
2869 3230 3250 3313 tantum,
3313 3209 3459 3324 qui
3526 3208 3610 3293 in
3677 3206 3804 3294 di.-

430 3323 581 3407 ctis
631 3316 1094 3432 Domibus,
1147 3330 1281 3441 vel
1330 3327 1729 3444 Hospitiis
1776 3333 2153 3419 exercitia
2203 3329 2652 3443 spiritualia
2704 3324 3179 3444 hujusmodi
3232 3357 3380 3441 per
3429 3330 3805 3450 quinque

430 3437 607 3529 dies
659 3447 1099 3561 continuos
1147 3446 1851 3568 quandocumque
1900 3453 2367 3564 peregerint
2394 3512 2427 3553 ,
2463 3470 2550 3534 et
2580 3450 2895 3535 interea
2931 3449 3322 3561 temporis
3367 3477 3562 3539 vere
3608 3478 3807 3561 poe-

424 3563 789 3649 nitentes
823 3625 850 3670 ,
914 3588 1000 3653 et
1038 3566 1407 3671 ‘confessi
1473 3571 2079 3656 sanctissimum
2129 3567 2706 3656 Eucharistiae
2754 3569 3383 3653 Sacramentum
3430 3597 3802 3683 sumpse.-

426 3683 648 3803 rint,
712 3672 811 3777 'ac
860 3715 1014 3807 pro
1062 3684 1725 3804 Christianorum
1776 3691 2257 3805 Principum
2310 3685 2808 3794 concordia,
2859 3686 3292 3775 haeresum
3344 3687 3806 3804 extirpatio-

425 3832 534 3888 ne
559 3865 590 3906 ,
654 3833 749 3890 ac
801 3800 1150 3899 Sanctae
1198 3796 1488 3896 Matris
1534 3809 1960 3909 Ecclesiae
2010 3810 2501 3897 exaltatione
2550 3810 2723 3924 pias
2773 3802 2880 3895 ad
2927 3805 3210 3894 Deum
3260 3836 3545 3921 preces
3592 3804 3842 3898 effu-·

426 3918 704 4007 derint
735 3984 767 4027 ,
828 3925 1283 4038 plenariam
1340 3929 1599 4018 semel
1676 3926 2100 4017 dumtaxat
2144 3932 2232 4015 in
2294 3959 2517 4016 anno
2567 3960 2715 4043 per
2783 3927 3243 4047 quemlibet
3295 3956 3618 4027 eorum.
3663 3928 3795 4012 lu-

426 4036 1019 4129 crifaciendam
1090 4051 1465 4135 omnium
1526 4073 2051 4161 peccatorum
2101 4081 2444 4155 suorum
2522 4045 3194 4160 Indulgentiam,
3260 4067 3345 4134 et
3404 4048 3806 4132 remissio·

426 4164 624 4267 nem
673 4162 1309 4283 misericorditer
1354 4170 1439 4253 in
1489 4168 1860 4255 Domino
1918 4166 2454 4257 concedimus
2488 4232 2513 4276 ,
2578 4190 2663 4255 et
2725 4165 3293 4279 indulgemus;
3362 4170 3806 4279 praesenti-

421 4278 585 4365 bus
637 4280 1067 4396 perpetuis
1114 4280 1417 4393 futuris
1467 4288 1977 4403 temporibus
2025 4289 2422 4377 valituris.
2475 4288 2888 4376 Volumus
2935 4309 3210 4391 autem
3246 4346 3271 4389 ‚
3338 4308 3433 4372 ut
3481 4314 3805 4373 earum·

424 4394 617 4485 dem
669 4404 1225 4517 praesentium
1276 4406 1731 4494 litterarum
1786 4411 2315 4523 transumptis
2349 4472 2380 4514 ,
2431 4439 2578 4497 seu
2625 4408 3015 4520 exemplis
3054 4407 3311 4492 atiam
3352 4406 3791 4521 impressis,

423 4550 685 4608 manu
734 4520 1084 4640 alicujus
1166 4522 1485 4615 Notarii
1546 4529 1866 4645 publici
1914 4529 2394 4645 subscriptis
2429 4593 2454 4637 ,
2519 4552 2604 4616 et
2647 4526 2944 4640 ¹sigillo
3006 4554 3400 4640 personae
3469 4529 3555 4612 in
3635 4526 3808 4615 Ec«

425 4638 870 4729 clesiastica
923 4641 1326 4755 dignitate
1373 4651 1867 4737 constitutae
1924 4651 2330 4755 munitis,
2394 4646 2685 4739 eadem
2733 4677 3065 4763 prorsus
3125 4642 3332 4733 fides
3405 4642 3805 4743 adhibes-5

423 4781 565 4846 tur
600 4823 624 4868 ,
693 4793 908 4879 quae
957 4761 1493 4858 adhiberetur
1540 4772 1733 4884 ipsis
1781 4771 2352 4884 praesentibus
2386 4833 2413 4878 ‚
2449 4772 2520 4856 si
2564 4766 2840 4857 forent
2886 4763 3297 4853 exhibitae
3343 4766 3482 4854 vel
3528 4789 3804 4859 osten·

426 4884 607 5004 sae..
649 4874 968 5006 Datum
1017 4876 1329 5001 Romae
1375 4886 1621 5005 apud
1685 4891 1769 4979 S.
1832 4890 2182 4979 Mariam
2228 4891 2635 5006 Maiorem
2679 4886 2876 4974 sub
2923 4885 3298 4973 Annulo
3362 4884 3800 4974 Piscatoris

426 4992 566 5101 die
612 5003 693 5109 4.
757 5000 1265 5120 Septembris
1323 5010 1576 5128 1737.
1628 5007 2176 5117 Pontificatus
2222 5011 2507 5099 Nostri
2557 5037 2779 5098 anno
2828 5029 3147 5098 octavo.

2626 5249 2734 5340 F.
2792 5244 3046 5334 Card.
3107 5216 3553 5336 oliverius.
