<?xml version="1.0" encoding="UTF-8"?>
<!DOCTYPE html PUBLIC "-//W3C//DTD XHTML 1.0 Transitional//EN"
    "http://www.w3.org/TR/xhtml1/DTD/xhtml1-transitional.dtd">
<html xmlns="http://www.w3.org/1999/xhtml" xml:lang="en" lang="en">
 <head>
  <title>
</title>
<meta http-equiv="Content-Type" content="text/html;charset=utf-8" />
  <meta name='ocr-system' content='tesseract 3.04.00' />
  <meta name='ocr-capabilities' content='ocr_page ocr_carea ocr_par ocr_line ocrx_word'/>
</head>
<body>
  <div class='ocr_page' id='page_1' title='image "./bullariumpontif00fidegoog/bullariumpontif00fidegoog_0256.png"; bbox 0 0 4834 6409; ppageno 0'>
   <div class='ocr_carea' id='block_1_1' title="bbox 1066 439 4438 1032">
    <p class='ocr_par' dir='ltr' id='par_1_1' title="bbox 1066 439 4438 1032">
     <span class='ocr_line' id='line_1_1' title="bbox 1066 439 1243 531; baseline 0 0"><span class='ocrx_word' id='word_1_1' title='bbox 1066 466 1116 531; x_wconf 74' lang='lat' dir='ltr'><strong>a</strong></span> <span class='ocrx_word' id='word_1_2' title='bbox 1179 439 1243 531; x_wconf 71' lang='grc'><strong>6</strong></span> 
     </span>
     <span class='ocr_line' id='line_1_2' title="bbox 1123 439 4438 681; baseline 0.002 -38"><span class='ocrx_word' id='word_1_3' title='bbox 1123 439 1743 672; x_wconf 59' lang='grc' dir='ltr'><strong>4εἶαιργῖινιωιιιιῖτὶ</strong></span> <span class='ocrx_word' id='word_1_4' title='bbox 1788 556 2352 651; x_wconf 67' lang='grc' dir='ltr'><strong>Ῑωιίειιείοηίε</strong></span> <span class='ocrx_word' id='word_1_5' title='bbox 2395 561 2922 653; x_wconf 66' lang='lat' dir='ltr'><strong>Minimum</strong></span> <span class='ocrx_word' id='word_1_6' title='bbox 2969 559 3078 646; x_wconf 75' lang='lat' dir='ltr'><strong>ab</strong></span> <span class='ocrx_word' id='word_1_7' title='bbox 3109 553 3762 674; x_wconf 64' lang='lat' dir='ltr'><strong>Arckiepioeopo</strong></span> <span class='ocrx_word' id='word_1_8' title='bbox 3814 555 4438 681; x_wconf 77' lang='lat' dir='ltr'><strong>Salisburgen&#39;u‘</strong></span> 
     </span>
     <span class='ocr_line' id='line_1_3' title="bbox 1300 677 4433 803; baseline 0.002 -42"><span class='ocrx_word' id='word_1_9' title='bbox 1300 682 1397 761; x_wconf 80' lang='lat' dir='ltr'><strong>in</strong></span> <span class='ocrx_word' id='word_1_10' title='bbox 1451 681 1817 765; x_wconf 62' lang='lat' dir='ltr'><strong>Civitato</strong></span> <span class='ocrx_word' id='word_1_11' title='bbox 1884 677 2458 803; x_wconf 63' lang='lat' dir='ltr'><strong>Salthbwgsn.</strong></span> <span class='ocrx_word' id='word_1_12' title='bbox 2495 678 2804 799; x_wconf 75' lang='lat' dir='ltr'><strong>factae</strong></span> <span class='ocrx_word' id='word_1_13' title='bbox 2831 739 2855 785; x_wconf 88' lang='lat'><strong>,</strong></span> <span class='ocrx_word' id='word_1_14' title='bbox 2955 709 3060 766; x_wconf 82' lang='lat' dir='ltr'><strong>ac</strong></span> <span class='ocrx_word' id='word_1_15' title='bbox 3110 678 3625 795; x_wconf 75' lang='lat' dir='ltr'><strong><em>Regularum</em></strong></span> <span class='ocrx_word' id='word_1_16' title='bbox 3674 739 3700 782; x_wconf 88' lang='lat'><strong><em>‚</em></strong></span> <span class='ocrx_word' id='word_1_17' title='bbox 3765 707 3870 765; x_wconf 65' lang='lat' dir='ltr'><strong>aar:</strong></span> <span class='ocrx_word' id='word_1_18' title='bbox 3921 678 4200 797; x_wconf 84' lang='lat' dir='ltr'><strong>legum</strong></span> <span class='ocrx_word' id='word_1_19' title='bbox 4274 710 4433 796; x_wconf 73' lang='lat' dir='ltr'><strong>pro</strong></span> 
     </span>
     <span class='ocr_line' id='line_1_4' title="bbox 1301 794 4431 919; baseline 0.002 -36"><span class='ocrx_word' id='word_1_20' title='bbox 1301 798 1891 889; x_wconf 64' lang='lat' dir='ltr'><strong>Mimbnan‘zzx</strong></span> <span class='ocrx_word' id='word_1_21' title='bbox 1962 799 2502 895; x_wconf 73' lang='lat' dir='ltr'><strong>conditarum</strong></span> <span class='ocrx_word' id='word_1_22' title='bbox 2532 862 2564 906; x_wconf 85' lang='lat'><em>,</em></span> <span class='ocrx_word' id='word_1_23' title='bbox 2613 816 2695 889; x_wconf 78' lang='lat' dir='ltr'><strong>et</strong></span> <span class='ocrx_word' id='word_1_24' title='bbox 2778 829 2834 886; x_wconf 82' lang='lat' dir='ltr'><strong><em>a</em></strong></span> <span class='ocrx_word' id='word_1_25' title='bbox 2916 800 3580 919; x_wconf 76' lang='lat' dir='ltr'><strong>Congregatt‘one</strong></span> <span class='ocrx_word' id='word_1_26' title='bbox 3675 794 3779 883; x_wconf 82' lang='lat' dir='ltr'><strong>de</strong></span> <span class='ocrx_word' id='word_1_27' title='bbox 3862 799 4431 919; x_wconf 75' lang='lat' dir='ltr'><strong>Propaganda</strong></span> 
     </span>
     <span class='ocr_line' id='line_1_5' title="bbox 1300 916 3534 1032; baseline 0.001 -24"><span class='ocrx_word' id='word_1_28' title='bbox 1300 916 1528 1008; x_wconf 74' lang='lat' dir='ltr'><strong>Fide</strong></span> <span class='ocrx_word' id='word_1_29' title='bbox 1570 919 2261 1032; x_wconf 60' lang='lat' dir='ltr'><strong>appu-omum.</strong></span> <span class='ocrx_word' id='word_1_30' title='bbox 3013 972 3018 979; x_wconf 93' lang='lat'><em>·</em></span> <span class='ocrx_word' id='word_1_31' title='bbox 3524 970 3534 977; x_wconf 90' lang='lat'><strong>·</strong></span> 
     </span>
    </p>
   </div>
   <div class='ocr_carea' id='block_1_2' title="bbox 1695 1106 3844 1541">
    <p class='ocr_par' dir='ltr' id='par_1_2' title="bbox 1695 1106 3844 1541">
     <span class='ocr_line' id='line_1_6' title="bbox 1695 1106 3844 1279; baseline -0.006 0"><span class='ocrx_word' id='word_1_32' title='bbox 1695 1155 2656 1279; x_wconf 78' lang='lat' dir='ltr'>CLEMENS</span> <span class='ocrx_word' id='word_1_33' title='bbox 2787 1153 3306 1270; x_wconf 83' lang='lat' dir='ltr'><strong>PAPA</strong></span> <span class='ocrx_word' id='word_1_34' title='bbox 3442 1106 3844 1269; x_wconf 56' lang='lat' dir='ltr'><strong>XII.</strong></span> 
     </span>
     <span class='ocr_line' id='line_1_7' title="bbox 2007 1399 3480 1541; baseline -0.005 -47"><span class='ocrx_word' id='word_1_35' title='bbox 2007 1401 2154 1494; x_wconf 76' lang='lat' dir='ltr'><strong>Ad</strong></span> <span class='ocrx_word' id='word_1_36' title='bbox 2185 1399 2688 1541; x_wconf 53' lang='lat' dir='ltr'><strong>permenam</strong></span> <span class='ocrx_word' id='word_1_37' title='bbox 2757 1407 2893 1489; x_wconf 70' lang='lat' dir='ltr'><strong>m·</strong></span> <span class='ocrx_word' id='word_1_38' title='bbox 2953 1405 3480 1488; x_wconf 59' lang='lat' dir='ltr'><strong>memoriam.</strong></span> 
     </span>
    </p>
   </div>
   <div class='ocr_carea' id='block_1_3' title="bbox 667 1549 4502 4866">
    <p class='ocr_par' dir='ltr' id='par_1_3' title="bbox 680 1549 4461 2352">
     <span class='ocr_line' id='line_1_8' title="bbox 680 1549 4436 1759; baseline 0.001 -33"><span class='ocrx_word' id='word_1_39' title='bbox 680 1639 1038 1710; x_wconf 60' lang='lat' dir='ltr'><strong>Praemium</strong></span> <span class='ocrx_word' id='word_1_40' title='bbox 1189 1549 1713 1729; x_wconf 79' lang='lat' dir='ltr'><strong>Pastorum</strong></span> <span class='ocrx_word' id='word_1_41' title='bbox 1762 1638 2156 1759; x_wconf 77' lang='lat' dir='ltr'>Princeps</span> <span class='ocrx_word' id='word_1_42' title='bbox 2214 1642 2457 1731; x_wconf 76' lang='lat' dir='ltr'><strong>Jesus</strong></span> <span class='ocrx_word' id='word_1_43' title='bbox 2518 1641 2904 1729; x_wconf 80' lang='lat' dir='ltr'><strong>Christus</strong></span> <span class='ocrx_word' id='word_1_44' title='bbox 2936 1707 2967 1747; x_wconf 90' lang='lat'><em>‚</em></span> <span class='ocrx_word' id='word_1_45' title='bbox 3033 1643 3275 1754; x_wconf 85' lang='lat' dir='ltr'><strong>cujus</strong></span> <span class='ocrx_word' id='word_1_46' title='bbox 3347 1669 3725 1753; x_wconf 86' lang='lat' dir='ltr'><strong>suprema</strong></span> <span class='ocrx_word' id='word_1_47' title='bbox 3790 1642 3872 1724; x_wconf 89' lang='lat' dir='ltr'><strong>in</strong></span> <span class='ocrx_word' id='word_1_48' title='bbox 3954 1637 4436 1728; x_wconf 70' lang='lat' dir='ltr'><strong>Catholicae</strong></span> 
     </span>
     <span class='ocr_line' id='line_1_9' title="bbox 1057 1756 4461 1876; baseline -0 -30"><span class='ocrx_word' id='word_1_49' title='bbox 1057 1758 1488 1847; x_wconf 85' lang='lat' dir='ltr'><strong>Ecclesiae</strong></span> <span class='ocrx_word' id='word_1_50' title='bbox 1547 1765 2125 1875; x_wconf 82' lang='lat' dir='ltr'><strong>procuratione</strong></span> <span class='ocrx_word' id='word_1_51' title='bbox 2184 1767 2413 1851; x_wconf 79' lang='lat' dir='ltr'><strong>vices</strong></span> <span class='ocrx_word' id='word_1_52' title='bbox 2467 1792 2618 1876; x_wconf 91' lang='lat' dir='ltr'><strong>per</strong></span> <span class='ocrx_word' id='word_1_53' title='bbox 2665 1757 3089 1849; x_wconf 80' lang='lat' dir='ltr'><strong>ineffabile</strong></span> <span class='ocrx_word' id='word_1_54' title='bbox 3153 1757 3486 1845; x_wconf 86' lang='lat' dir='ltr'><strong>divinae</strong></span> <span class='ocrx_word' id='word_1_55' title='bbox 3533 1756 4104 1874; x_wconf 83' lang='lat' dir='ltr'><strong>providentiae</strong></span> <span class='ocrx_word' id='word_1_56' title='bbox 4165 1764 4461 1847; x_wconf 87' lang='lat' dir='ltr'><strong>consi-·</strong></span> 
     </span>
     <span class='ocr_line' id='line_1_10' title="bbox 1057 1875 4431 1997; baseline -0.001 -30"><span class='ocrx_word' id='word_1_57' title='bbox 1057 1880 1269 1968; x_wconf 72' lang='lat' dir='ltr'><strong>llum</strong></span> <span class='ocrx_word' id='word_1_58' title='bbox 1323 1878 1795 1968; x_wconf 70' lang='lat' dir='ltr'><strong>infirmitati«</strong></span> <span class='ocrx_word' id='word_1_59' title='bbox 1836 1878 2181 1969; x_wconf 78' lang='lat' dir='ltr'><strong>Nostrae</strong></span> <span class='ocrx_word' id='word_1_60' title='bbox 2262 1875 2796 1968; x_wconf 87' lang='lat' dir='ltr'><strong>demandatas</strong></span> <span class='ocrx_word' id='word_1_61' title='bbox 2872 1882 3120 1997; x_wconf 86' lang='lat' dir='ltr'><strong>plane</strong></span> <span class='ocrx_word' id='word_1_62' title='bbox 3193 1881 3720 1965; x_wconf 74' lang='lat' dir='ltr'>immerentes</span> <span class='ocrx_word' id='word_1_63' title='bbox 3783 1878 3955 1963; x_wconf 87' lang='lat' dir='ltr'><strong>Nos</strong></span> <span class='ocrx_word' id='word_1_64' title='bbox 4016 1882 4431 1990; x_wconf 76' lang='lat' dir='ltr'>gerimus,</span> 
     </span>
     <span class='ocr_line' id='line_1_11' title="bbox 1054 1996 4436 2113; baseline -0.001 -24"><span class='ocrx_word' id='word_1_65' title='bbox 1054 2030 1153 2089; x_wconf 76' lang='lat' dir='ltr'><strong>ea</strong></span> <span class='ocrx_word' id='word_1_66' title='bbox 1206 1997 1741 2087; x_wconf 86' lang='lat' dir='ltr'><strong>Pontificium</strong></span> <span class='ocrx_word' id='word_1_67' title='bbox 1792 2005 2161 2089; x_wconf 86' lang='lat' dir='ltr'><strong>animum</strong></span> <span class='ocrx_word' id='word_1_68' title='bbox 2212 2023 2588 2088; x_wconf 87' lang='lat' dir='ltr'><strong>nostrum</strong></span> <span class='ocrx_word' id='word_1_69' title='bbox 2639 2003 2721 2084; x_wconf 92' lang='lat' dir='ltr'><strong>in</strong></span> <span class='ocrx_word' id='word_1_70' title='bbox 2777 2001 3075 2089; x_wconf 85' lang='lat' dir='ltr'><strong>ovibus</strong></span> <span class='ocrx_word' id='word_1_71' title='bbox 3141 2026 3294 2085; x_wconf 85' lang='lat' dir='ltr'><strong>suo</strong></span> <span class='ocrx_word' id='word_1_72' title='bbox 3343 2003 3743 2108; x_wconf 85' lang='lat' dir='ltr'><strong>sanguine</strong></span> <span class='ocrx_word' id='word_1_73' title='bbox 3793 1996 4238 2113; x_wconf 76' lang='lat' dir='ltr'>redemptis</span> <span class='ocrx_word' id='word_1_74' title='bbox 4273 2061 4300 2105; x_wconf 92' lang='lat'><strong><em>‚</em></strong></span> <span class='ocrx_word' id='word_1_75' title='bbox 4349 2020 4436 2085; x_wconf 88' lang='lat' dir='ltr'><strong>et</strong></span> 
     </span>
     <span class='ocr_line' id='line_1_12' title="bbox 1056 2115 4436 2237; baseline -0.001 -32"><span class='ocrx_word' id='word_1_76' title='bbox 1056 2149 1212 2235; x_wconf 82' lang='lat' dir='ltr'><strong>per</strong></span> <span class='ocrx_word' id='word_1_77' title='bbox 1255 2121 1481 2205; x_wconf 79' lang='lat' dir='ltr'><strong>viam</strong></span> <span class='ocrx_word' id='word_1_78' title='bbox 1530 2142 1913 2207; x_wconf 77' lang='lat' dir='ltr'><strong>aeternae</strong></span> <span class='ocrx_word' id='word_1_79' title='bbox 1990 2119 2477 2236; x_wconf 73' lang='lat' dir='ltr'><strong>perditionis</strong></span> <span class='ocrx_word' id='word_1_80' title='bbox 2537 2121 3073 2237; x_wconf 84' lang='lat' dir='ltr'><strong>pergentibus</strong></span> <span class='ocrx_word' id='word_1_81' title='bbox 3120 2116 3226 2202; x_wconf 89' lang='lat' dir='ltr'><strong>ad</strong></span> <span class='ocrx_word' id='word_1_82' title='bbox 3289 2116 3838 2202; x_wconf 84' lang='lat' dir='ltr'><strong>orthodoxum</strong></span> <span class='ocrx_word' id='word_1_83' title='bbox 3925 2119 4142 2206; x_wconf 83' lang='lat' dir='ltr'><strong>ovile</strong></span> <span class='ocrx_word' id='word_1_84' title='bbox 4194 2115 4436 2204; x_wconf 86' lang='lat' dir='ltr'><strong>redu·</strong></span> 
     </span>
     <span class='ocr_line' id='line_1_13' title="bbox 1061 2235 4435 2352; baseline -0 -26"><span class='ocrx_word' id='word_1_85' title='bbox 1061 2236 1350 2326; x_wconf 83' lang='lat' dir='ltr'><strong>cendis</strong></span> <span class='ocrx_word' id='word_1_86' title='bbox 1397 2238 1843 2326; x_wconf 89' lang='lat' dir='ltr'><strong>sollicitum</strong></span> <span class='ocrx_word' id='word_1_87' title='bbox 1897 2242 2269 2329; x_wconf 83' lang='lat' dir='ltr'><strong>coelestis</strong></span> <span class='ocrx_word' id='word_1_88' title='bbox 2318 2240 2903 2328; x_wconf 75' lang='lat' dir='ltr'><strong>consolationis</strong></span> <span class='ocrx_word' id='word_1_89' title='bbox 2975 2243 3206 2352; x_wconf 78' lang='lat' dir='ltr'><strong>copia</strong></span> <span class='ocrx_word' id='word_1_90' title='bbox 3237 2300 3262 2343; x_wconf 92' lang='lat'>,</span> <span class='ocrx_word' id='word_1_91' title='bbox 3347 2258 3434 2322; x_wconf 88' lang='lat' dir='ltr'><strong>et</strong></span> <span class='ocrx_word' id='word_1_92' title='bbox 3509 2236 3816 2323; x_wconf 87' lang='lat' dir='ltr'><strong>letitiae</strong></span> <span class='ocrx_word' id='word_1_93' title='bbox 3865 2235 4435 2350; x_wconf 84' lang='lat' dir='ltr'><strong>magnitudine</strong></span> 
     </span>
    </p>

    <p class='ocr_par' dir='ltr' id='par_1_4' title="bbox 934 2354 4436 2569">
     <span class='ocr_line' id='line_1_14' title="bbox 934 2354 4436 2481; baseline -0.002 -34"><span class='ocrx_word' id='word_1_94' title='bbox 934 2434 941 2447; x_wconf 85' lang='lat'><strong>.</strong></span> <span class='ocrx_word' id='word_1_95' title='bbox 1058 2358 1490 2447; x_wconf 85' lang='lat' dir='ltr'><strong>cumulare</strong></span> <span class='ocrx_word' id='word_1_96' title='bbox 1538 2356 1922 2471; x_wconf 86' lang='lat' dir='ltr'><strong>dignatus</strong></span> <span class='ocrx_word' id='word_1_97' title='bbox 1973 2385 2154 2469; x_wconf 69' lang='lat' dir='ltr'><strong>est,</strong></span> <span class='ocrx_word' id='word_1_98' title='bbox 2204 2381 2303 2448; x_wconf 85' lang='lat' dir='ltr'><strong>ut</strong></span> <span class='ocrx_word' id='word_1_99' title='bbox 2350 2357 2652 2471; x_wconf 86' lang='lat' dir='ltr'><strong>gaudio</strong></span> <span class='ocrx_word' id='word_1_100' title='bbox 2700 2354 3468 2481; x_wconf 84' lang='lat' dir='ltr'><strong>superabundantes</strong></span> <span class='ocrx_word' id='word_1_101' title='bbox 3528 2354 3995 2444; x_wconf 81' lang='lat' dir='ltr'><strong>incredibili</strong></span> <span class='ocrx_word' id='word_1_102' title='bbox 4045 2420 4079 2462; x_wconf 88' lang='lat'><em>,</em></span> <span class='ocrx_word' id='word_1_103' title='bbox 4137 2356 4436 2472; x_wconf 84' lang='lat' dir='ltr'><strong>jubile·</strong></span> 
     </span>
     <span class='ocr_line' id='line_1_15' title="bbox 1057 2478 2479 2569; baseline -0.001 -5"><span class='ocrx_word' id='word_1_104' title='bbox 1057 2506 1246 2564; x_wconf 85' lang='lat' dir='ltr'><strong>mus</strong></span> <span class='ocrx_word' id='word_1_105' title='bbox 1297 2478 1485 2566; x_wconf 83' lang='lat' dir='ltr'><strong>Deo</strong></span> <span class='ocrx_word' id='word_1_106' title='bbox 1532 2480 1619 2565; x_wconf 89' lang='lat' dir='ltr'><strong>in</strong></span> <span class='ocrx_word' id='word_1_107' title='bbox 1668 2508 1883 2569; x_wconf 85' lang='lat' dir='ltr'><strong>voce</strong></span> <span class='ocrx_word' id='word_1_108' title='bbox 1927 2481 2479 2568; x_wconf 76' lang='lat' dir='ltr'><strong>exultationis.</strong></span> 
     </span>
    </p>

    <p class='ocr_par' dir='ltr' id='par_1_5' title="bbox 667 2590 4438 2713">
     <span class='ocr_line' id='line_1_16' title="bbox 667 2590 4438 2713; baseline 0 -34"><span class='ocrx_word' id='word_1_109' title='bbox 667 2590 874 2701; x_wconf 53' lang='lat'><strong>‘4¹2¹’-</strong></span> <span class='ocrx_word' id='word_1_110' title='bbox 931 2591 1043 2659; x_wconf 74' lang='lat'><strong>8⁸·</strong></span> <span class='ocrx_word' id='word_1_111' title='bbox 1127 2597 1242 2699; x_wconf 79' lang='lat' dir='ltr'><strong>.S.</strong></span> <span class='ocrx_word' id='word_1_112' title='bbox 1306 2628 1377 2685; x_wconf 87' lang='lat'><strong>1.</strong></span> <span class='ocrx_word' id='word_1_113' title='bbox 1439 2598 1701 2687; x_wconf 88' lang='lat' dir='ltr'><strong>Enim</strong></span> <span class='ocrx_word' id='word_1_114' title='bbox 1747 2629 1948 2687; x_wconf 78' lang='lat' dir='ltr'><strong>vero</strong></span> <span class='ocrx_word' id='word_1_115' title='bbox 1994 2600 2299 2689; x_wconf 86' lang='lat' dir='ltr'><strong>Vener.</strong></span> <span class='ocrx_word' id='word_1_116' title='bbox 2353 2599 2487 2686; x_wconf 88' lang='lat' dir='ltr'><strong>Fr.</strong></span> <span class='ocrx_word' id='word_1_117' title='bbox 2544 2596 3017 2713; x_wconf 88' lang='lat' dir='ltr'><strong>Leopoldus</strong></span> <span class='ocrx_word' id='word_1_118' title='bbox 3067 2594 3757 2711; x_wconf 86' lang='lat' dir='ltr'><strong>Archiepiscopus</strong></span> <span class='ocrx_word' id='word_1_119' title='bbox 3803 2593 4438 2705; x_wconf 75' lang='lat' dir='ltr'><strong>salisburgensis</strong></span> 
     </span>
    </p>

    <p class='ocr_par' dir='ltr' id='par_1_6' title="bbox 674 2685 4436 2843">
     <span class='ocr_line' id='line_1_17' title="bbox 674 2685 4436 2843; baseline -0 -41"><span class='ocrx_word' id='word_1_120' title='bbox 674 2685 1209 2843; x_wconf 49' lang='lat' dir='ltr'><strong>ffifflrffigpro</strong></span> <span class='ocrx_word' id='word_1_121' title='bbox 1256 2721 1548 2806; x_wconf 80' lang='lat' dir='ltr'><strong>eximia</strong></span> <span class='ocrx_word' id='word_1_122' title='bbox 1612 2721 1917 2833; x_wconf 87' lang='lat' dir='ltr'><strong>pietate</strong></span> <span class='ocrx_word' id='word_1_123' title='bbox 1977 2753 2165 2827; x_wconf 88' lang='lat' dir='ltr'><strong>sua,</strong></span> <span class='ocrx_word' id='word_1_124' title='bbox 2231 2721 2624 2832; x_wconf 77' lang='lat' dir='ltr'><strong>singulari</strong></span> <span class='ocrx_word' id='word_1_125' title='bbox 2675 2717 3209 2806; x_wconf 83' lang='lat' dir='ltr'><strong>Orthodoxae</strong></span> <span class='ocrx_word' id='word_1_126' title='bbox 3285 2718 3702 2828; x_wconf 78' lang='lat' dir='ltr'><strong>religionis</strong></span> <span class='ocrx_word' id='word_1_127' title='bbox 3753 2715 3992 2819; x_wconf 84' lang='lat' dir='ltr'><strong>zelo,</strong></span> <span class='ocrx_word' id='word_1_128' title='bbox 4056 2717 4436 2827; x_wconf 88' lang='lat' dir='ltr'><strong>injuncto</strong></span> 
     </span>
    </p>

    <p class='ocr_par' dir='ltr' id='par_1_7' title="bbox 674 2834 4440 3083">
     <span class='ocr_line' id='line_1_18' title="bbox 676 2834 4436 2952; baseline -0.002 -26"><span class='ocrx_word' id='word_1_129' title='bbox 676 2868 812 2932; x_wconf 67' lang='lat'><strong>00⁸1</strong></span> <span class='ocrx_word' id='word_1_130' title='bbox 865 2866 1012 2934; x_wconf 65' lang='lat' dir='ltr'><strong>hae-</strong></span> <span class='ocrx_word' id='word_1_131' title='bbox 1061 2839 1481 2952; x_wconf 86' lang='lat' dir='ltr'><strong>pastoralis</strong></span> <span class='ocrx_word' id='word_1_132' title='bbox 1509 2836 1945 2927; x_wconf 85' lang='lat' dir='ltr'><strong>Ministerii</strong></span> <span class='ocrx_word' id='word_1_133' title='bbox 1993 2870 2341 2928; x_wconf 87' lang='lat' dir='ltr'><strong>munere</strong></span> <span class='ocrx_word' id='word_1_134' title='bbox 2393 2837 2868 2926; x_wconf 86' lang='lat' dir='ltr'><strong>custodiens</strong></span> <span class='ocrx_word' id='word_1_135' title='bbox 2898 2840 3216 2950; x_wconf 79' lang='lat' dir='ltr'><strong>vigilias</strong></span> <span class='ocrx_word' id='word_1_136' title='bbox 3263 2866 3511 2951; x_wconf 90' lang='lat' dir='ltr'><strong>snper</strong></span> <span class='ocrx_word' id='word_1_137' title='bbox 3556 2862 3801 2945; x_wconf 83' lang='lat' dir='ltr'><strong>grege</strong></span> <span class='ocrx_word' id='word_1_138' title='bbox 3849 2834 4008 2919; x_wconf 90' lang='lat' dir='ltr'><strong>sibi</strong></span> <span class='ocrx_word' id='word_1_139' title='bbox 4058 2837 4436 2919; x_wconf 87' lang='lat' dir='ltr'><strong>commis·</strong></span> 
     </span>
     <span class='ocr_line' id='line_1_19' title="bbox 674 2950 4440 3083; baseline -0.001 -40"><span class='ocrx_word' id='word_1_140' title='bbox 674 2958 906 3063; x_wconf 57' lang='lat' dir='ltr'><strong>ragiens</strong></span> <span class='ocrx_word' id='word_1_141' title='bbox 931 2957 1036 3026; x_wconf 73' lang='lat' dir='ltr'><strong>eti·</strong></span> <span class='ocrx_word' id='word_1_142' title='bbox 1059 2988 1151 3043; x_wconf 89' lang='lat' dir='ltr'><strong>so</strong></span> <span class='ocrx_word' id='word_1_143' title='bbox 1199 2989 1518 3044; x_wconf 90' lang='lat' dir='ltr'><strong>summa</strong></span> <span class='ocrx_word' id='word_1_144' title='bbox 1571 2990 1762 3045; x_wconf 90' lang='lat' dir='ltr'><strong>cum</strong></span> <span class='ocrx_word' id='word_1_145' title='bbox 1819 2961 2180 3047; x_wconf 88' lang='lat' dir='ltr'><strong>nominis</strong></span> <span class='ocrx_word' id='word_1_146' title='bbox 2253 2962 2383 3047; x_wconf 88' lang='lat' dir='ltr'><strong>sui</strong></span> <span class='ocrx_word' id='word_1_147' title='bbox 2465 2957 2781 3064; x_wconf 84' lang='lat' dir='ltr'><strong>laude,</strong></span> <span class='ocrx_word' id='word_1_148' title='bbox 2844 2956 3266 3043; x_wconf 79' lang='lat' dir='ltr'><strong>laboribus</strong></span> <span class='ocrx_word' id='word_1_149' title='bbox 3317 2956 3758 3083; x_wconf 74' lang='lat' dir='ltr'><strong>plurimis,</strong></span> <span class='ocrx_word' id='word_1_150' title='bbox 3826 2984 3922 3039; x_wconf 89' lang='lat' dir='ltr'><strong>ac</strong></span> <span class='ocrx_word' id='word_1_151' title='bbox 3987 2950 4440 3066; x_wconf 72' lang='lat' dir='ltr'><strong>dispendiis</strong></span> 
     </span>
    </p>

    <p class='ocr_par' dir='ltr' id='par_1_8' title="bbox 673 3061 4439 3404">
     <span class='ocr_line' id='line_1_20' title="bbox 673 3061 4439 3195; baseline -0.002 -29"><span class='ocrx_word' id='word_1_152' title='bbox 673 3061 890 3115; x_wconf 62' lang='lat' dir='ltr'><strong>&#39;mm‘</strong></span> <span class='ocrx_word' id='word_1_153' title='bbox 1060 3108 1157 3165; x_wconf 85' lang='lat' dir='ltr'><strong>ex</strong></span> <span class='ocrx_word' id='word_1_154' title='bbox 1205 3080 1554 3184; x_wconf 42' lang='lat' dir='ltr'><strong>suasin</strong></span> <span class='ocrx_word' id='word_1_155' title='bbox 1628 3109 1790 3195; x_wconf 89' lang='lat' dir='ltr'><strong>qua</strong></span> <span class='ocrx_word' id='word_1_156' title='bbox 1863 3079 2591 3167; x_wconf 79' lang='lat' dir='ltr'><strong>commorabantur</strong></span> <span class='ocrx_word' id='word_1_157' title='bbox 2626 3140 2652 3185; x_wconf 88' lang='lat'>‚</span> <span class='ocrx_word' id='word_1_158' title='bbox 2705 3078 3200 3192; x_wconf 55' lang='lat' dir='ltr'><strong>amplissima</strong></span> <span class='ocrx_word' id='word_1_159' title='bbox 3247 3074 3630 3161; x_wconf 86' lang='lat' dir='ltr'><strong>Dioecesi</strong></span> <span class='ocrx_word' id='word_1_160' title='bbox 3694 3075 4031 3187; x_wconf 83' lang='lat' dir='ltr'><strong>ejectis,</strong></span> <span class='ocrx_word' id='word_1_161' title='bbox 4095 3100 4190 3157; x_wconf 86' lang='lat' dir='ltr'><strong>ac</strong></span> <span class='ocrx_word' id='word_1_162' title='bbox 4250 3103 4439 3187; x_wconf 87' lang='lat' dir='ltr'><strong>pro-</strong></span> 
     </span>
     <span class='ocr_line' id='line_1_21' title="bbox 1063 3191 4438 3311; baseline -0.001 -28"><span class='ocrx_word' id='word_1_163' title='bbox 1063 3196 1200 3283; x_wconf 89' lang='lat' dir='ltr'><strong>cul</strong></span> <span class='ocrx_word' id='word_1_164' title='bbox 1252 3196 1604 3311; x_wconf 84' lang='lat' dir='ltr'><strong>expulsis</strong></span> <span class='ocrx_word' id='word_1_165' title='bbox 1663 3195 2292 3307; x_wconf 82' lang='lat' dir='ltr'><strong>vigintiduobus</strong></span> <span class='ocrx_word' id='word_1_166' title='bbox 2342 3198 2713 3286; x_wconf 87' lang='lat' dir='ltr'><strong>millibus</strong></span> <span class='ocrx_word' id='word_1_167' title='bbox 2747 3258 2771 3303; x_wconf 85' lang='lat'><strong>,</strong></span> <span class='ocrx_word' id='word_1_168' title='bbox 2838 3219 2924 3281; x_wconf 86' lang='lat' dir='ltr'><strong>et</strong></span> <span class='ocrx_word' id='word_1_169' title='bbox 2971 3197 3322 3309; x_wconf 87' lang='lat' dir='ltr'><strong>amplius</strong></span> <span class='ocrx_word' id='word_1_170' title='bbox 3385 3193 3882 3299; x_wconf 79' lang='lat' dir='ltr'><strong>Haereticis,</strong></span> <span class='ocrx_word' id='word_1_171' title='bbox 3948 3191 4438 3280; x_wconf 87' lang='lat' dir='ltr'><strong>eorumdem</strong></span> 
     </span>
     <span class='ocr_line' id='line_1_22' title="bbox 1060 3313 3628 3404; baseline -0.001 -3"><span class='ocrx_word' id='word_1_172' title='bbox 1060 3316 1359 3401; x_wconf 89' lang='lat' dir='ltr'><strong>Terras</strong></span> <span class='ocrx_word' id='word_1_173' title='bbox 1406 3314 1886 3403; x_wconf 81' lang='lat' dir='ltr'><strong>Catholicae</strong></span> <span class='ocrx_word' id='word_1_174' title='bbox 1935 3313 2131 3401; x_wconf 86' lang='lat' dir='ltr'><strong>fidei</strong></span> <span class='ocrx_word' id='word_1_175' title='bbox 2181 3317 2641 3404; x_wconf 86' lang='lat' dir='ltr'><strong>cultoribus</strong></span> <span class='ocrx_word' id='word_1_176' title='bbox 2691 3314 3182 3403; x_wconf 84' lang='lat' dir='ltr'><strong>habitandas</strong></span> <span class='ocrx_word' id='word_1_177' title='bbox 3231 3314 3628 3403; x_wconf 74' lang='lat' dir='ltr'><strong>attribuit.</strong></span> 
     </span>
    </p>

    <p class='ocr_par' dir='ltr' id='par_1_9' title="bbox 699 3430 4441 3551">
     <span class='ocr_line' id='line_1_23' title="bbox 699 3430 4441 3551; baseline 0.006 -52"><span class='ocrx_word' id='word_1_178' title='bbox 699 3434 1036 3545; x_wconf 55' lang='lat' dir='ltr'><strong>missionu-</strong></span> <span class='ocrx_word' id='word_1_179' title='bbox 1178 3431 1245 3535; x_wconf 75' lang='lat' dir='ltr'><strong>S.</strong></span> <span class='ocrx_word' id='word_1_180' title='bbox 1303 3464 1381 3520; x_wconf 82' lang='lat'><strong>2.</strong></span> <span class='ocrx_word' id='word_1_181' title='bbox 1437 3434 2267 3542; x_wconf 73' lang='lat' dir='ltr'><strong>Praeterea-veritus,</strong></span> <span class='ocrx_word' id='word_1_182' title='bbox 2322 3465 2429 3521; x_wconf 90' lang='lat' dir='ltr'><strong>ne</strong></span> <span class='ocrx_word' id='word_1_183' title='bbox 2477 3438 3298 3551; x_wconf 75' lang='lat' dir='ltr'><strong>temporis-processu</strong></span> <span class='ocrx_word' id='word_1_184' title='bbox 3347 3431 3911 3548; x_wconf 82' lang='lat' dir='ltr'><strong>perditissimis</strong></span> <span class='ocrx_word' id='word_1_185' title='bbox 3960 3430 4441 3521; x_wconf 79' lang='lat' dir='ltr'><strong>hominibus</strong></span> 
     </span>
    </p>

    <p class='ocr_par' dir='ltr' id='par_1_10' title="bbox 668 3526 4441 3682">
     <span class='ocr_line' id='line_1_24' title="bbox 668 3526 4441 3682; baseline 0.001 -42"><span class='ocrx_word' id='word_1_186' title='bbox 668 3549 808 3682; x_wconf 50' lang='lat'><strong>3?</strong></span> <span class='ocrx_word' id='word_1_187' title='bbox 841 3526 1038 3682; x_wconf 54' lang='grc' dir='ltr'><strong>’ῗὲξῑ</strong></span> <span class='ocrx_word' id='word_1_188' title='bbox 1060 3558 1441 3675; x_wconf 81' lang='lat' dir='ltr'><strong>antiquas</strong></span> <span class='ocrx_word' id='word_1_189' title='bbox 1488 3552 1725 3641; x_wconf 80' lang='lat' dir='ltr'><strong>sedes</strong></span> <span class='ocrx_word' id='word_1_190' title='bbox 1766 3553 2129 3641; x_wconf 87' lang='lat' dir='ltr'><strong>subleste</strong></span> <span class='ocrx_word' id='word_1_191' title='bbox 2178 3557 2787 3673; x_wconf 83' lang='lat' dir='ltr'><strong>repetentibus,</strong></span> <span class='ocrx_word' id='word_1_192' title='bbox 2834 3578 2920 3641; x_wconf 89' lang='lat' dir='ltr'><strong>et</strong></span> <span class='ocrx_word' id='word_1_193' title='bbox 2967 3552 3280 3640; x_wconf 89' lang='lat' dir='ltr'><strong>ibidem</strong></span> <span class='ocrx_word' id='word_1_194' title='bbox 3334 3582 3546 3638; x_wconf 84' lang='lat' dir='ltr'><strong>nova</strong></span> <span class='ocrx_word' id='word_1_195' title='bbox 3594 3549 4097 3639; x_wconf 85' lang='lat' dir='ltr'><strong>execrandae</strong></span> <span class='ocrx_word' id='word_1_196' title='bbox 4161 3551 4441 3643; x_wconf 75' lang='lat' dir='ltr'><strong>haere·</strong></span> 
     </span>
    </p>

    <p class='ocr_par' dir='ltr' id='par_1_11' title="bbox 673 3665 4434 3797">
     <span class='ocr_line' id='line_1_25' title="bbox 673 3665 4434 3797; baseline 0.001 -38"><span class='ocrx_word' id='word_1_197' title='bbox 673 3665 898 3797; x_wconf 52' lang='lat' dir='ltr'><strong>tessine,</strong></span> <span class='ocrx_word' id='word_1_198' title='bbox 943 3677 1165 3775; x_wconf 53' lang='lat' dir='ltr'><strong>eia-48</strong></span> <span class='ocrx_word' id='word_1_199' title='bbox 1213 3676 1524 3759; x_wconf 81' lang='lat' dir='ltr'><strong>semina</strong></span> <span class='ocrx_word' id='word_1_200' title='bbox 1575 3675 1900 3760; x_wconf 85' lang='lat' dir='ltr'><strong>occulte</strong></span> <span class='ocrx_word' id='word_1_201' title='bbox 1981 3674 2554 3788; x_wconf 84' lang='lat' dir='ltr'><strong>spargentibus</strong></span> <span class='ocrx_word' id='word_1_202' title='bbox 2619 3678 2920 3762; x_wconf 89' lang='lat' dir='ltr'><strong>iterum</strong></span> <span class='ocrx_word' id='word_1_203' title='bbox 2996 3676 3169 3761; x_wconf 83' lang='lat' dir='ltr'><strong>illic</strong></span> <span class='ocrx_word' id='word_1_204' title='bbox 3233 3671 3664 3789; x_wconf 81' lang='lat' dir='ltr'><strong>pestiferae</strong></span> <span class='ocrx_word' id='word_1_205' title='bbox 3711 3675 4005 3783; x_wconf 83' lang='lat' dir='ltr'><strong>segetis</strong></span> <span class='ocrx_word' id='word_1_206' title='bbox 4067 3676 4434 3785; x_wconf 72' lang='lat' dir='ltr'><strong>germina</strong></span> 
     </span>
    </p>

    <p class='ocr_par' dir='ltr' id='par_1_12' title="bbox 675 3791 4502 4866">
     <span class='ocr_line' id='line_1_26' title="bbox 675 3791 4437 3912; baseline 0.001 -33"><span class='ocrx_word' id='word_1_207' title='bbox 675 3801 968 3888; x_wconf 72' lang='lat' dir='ltr'><strong>mignat.</strong></span> <span class='ocrx_word' id='word_1_208' title='bbox 1054 3793 1662 3899; x_wconf 80' lang='lat' dir='ltr'><strong>subolesceret,</strong></span> <span class='ocrx_word' id='word_1_209' title='bbox 1730 3816 1823 3878; x_wconf 89' lang='lat' dir='ltr'><strong>ut</strong></span> <span class='ocrx_word' id='word_1_210' title='bbox 1870 3817 2014 3880; x_wconf 82' lang='lat' dir='ltr'><strong>aut</strong></span> <span class='ocrx_word' id='word_1_211' title='bbox 2065 3797 2438 3912; x_wconf 87' lang='lat' dir='ltr'><strong>nequitia</strong></span> <span class='ocrx_word' id='word_1_212' title='bbox 2489 3791 2844 3879; x_wconf 85' lang='lat' dir='ltr'><strong>elidatur</strong></span> <span class='ocrx_word' id='word_1_213' title='bbox 2877 3858 2902 3901; x_wconf 91' lang='lat'><strong><em>‚</em></strong></span> <span class='ocrx_word' id='word_1_214' title='bbox 2967 3817 3433 3908; x_wconf 84' lang='lat' dir='ltr'><strong>opportune</strong></span> <span class='ocrx_word' id='word_1_215' title='bbox 3485 3794 3734 3879; x_wconf 90' lang='lat' dir='ltr'><strong>nullis</strong></span> <span class='ocrx_word' id='word_1_216' title='bbox 3783 3822 4128 3907; x_wconf 85' lang='lat' dir='ltr'><strong>parcens</strong></span> <span class='ocrx_word' id='word_1_217' title='bbox 4190 3793 4437 3881; x_wconf 87' lang='lat' dir='ltr'><strong>indu·</strong></span> 
     </span>
     <span class='ocr_line' id='line_1_27' title="bbox 1057 3911 4435 4029; baseline 0.001 -32"><span class='ocrx_word' id='word_1_218' title='bbox 1057 3914 1324 4029; x_wconf 80' lang='lat' dir='ltr'><strong>striis,</strong></span> <span class='ocrx_word' id='word_1_219' title='bbox 1392 3935 1475 3998; x_wconf 90' lang='lat' dir='ltr'><strong>et</strong></span> <span class='ocrx_word' id='word_1_220' title='bbox 1523 3913 1991 4027; x_wconf 86' lang='lat' dir='ltr'><strong>sumptibus</strong></span> <span class='ocrx_word' id='word_1_221' title='bbox 2039 3912 2478 4027; x_wconf 83' lang='lat' dir='ltr'><strong>providere</strong></span> <span class='ocrx_word' id='word_1_222' title='bbox 2527 3911 2868 3999; x_wconf 83' lang='lat' dir='ltr'><strong>studuit.</strong></span> <span class='ocrx_word' id='word_1_223' title='bbox 2938 3914 3163 3999; x_wconf 89' lang='lat' dir='ltr'><strong>Inter</strong></span> <span class='ocrx_word' id='word_1_224' title='bbox 3227 3938 3552 3998; x_wconf 24' lang='lat' dir='ltr'><strong>‘ceteras</strong></span> <span class='ocrx_word' id='word_1_225' title='bbox 3627 3935 3906 3998; x_wconf 87' lang='lat' dir='ltr'><strong>autem</strong></span> <span class='ocrx_word' id='word_1_226' title='bbox 3971 3913 4435 4003; x_wconf 81' lang='lat' dir='ltr'><strong>utilissimas</strong></span> 
     </span>
     <span class='ocr_line' id='line_1_28' title="bbox 1053 4028 4437 4148; baseline 0.002 -33"><span class='ocrx_word' id='word_1_227' title='bbox 1053 4030 1624 4146; x_wconf 83' lang='lat' dir='ltr'><strong>providentiae</strong></span> <span class='ocrx_word' id='word_1_228' title='bbox 1674 4062 1870 4118; x_wconf 84' lang='lat' dir='ltr'><strong>suae</strong></span> <span class='ocrx_word' id='word_1_229' title='bbox 1905 4029 2008 4117; x_wconf 89' lang='lat' dir='ltr'><strong>ad</strong></span> <span class='ocrx_word' id='word_1_230' title='bbox 2059 4038 2534 4147; x_wconf 82' lang='lat' dir='ltr'><strong>susceptum</strong></span> <span class='ocrx_word' id='word_1_231' title='bbox 2585 4030 3218 4125; x_wconf 88' lang='lat' dir='ltr'><strong>saluberrimum</strong></span> <span class='ocrx_word' id='word_1_232' title='bbox 3265 4063 3476 4148; x_wconf 87' lang='lat' dir='ltr'><strong>opus</strong></span> <span class='ocrx_word' id='word_1_233' title='bbox 3526 4028 4144 4119; x_wconf 85' lang='lat' dir='ltr'><strong>conficiendum</strong></span> <span class='ocrx_word' id='word_1_234' title='bbox 4194 4036 4437 4122; x_wconf 84' lang='lat' dir='ltr'><strong>initas</strong></span> 
     </span>
     <span class='ocr_line' id='line_1_29' title="bbox 1057 4149 4433 4273; baseline 0.001 -37"><span class='ocrx_word' id='word_1_235' title='bbox 1057 4152 1412 4238; x_wconf 84' lang='lat' dir='ltr'><strong>rationes</strong></span> <span class='ocrx_word' id='word_1_236' title='bbox 1460 4151 1641 4236; x_wconf 88' lang='lat' dir='ltr'><strong>illas</strong></span> <span class='ocrx_word' id='word_1_237' title='bbox 1689 4153 1772 4234; x_wconf 89' lang='lat' dir='ltr'><strong>in</strong></span> <span class='ocrx_word' id='word_1_238' title='bbox 1826 4150 2115 4265; x_wconf 86' lang='lat' dir='ltr'><strong>primis</strong></span> <span class='ocrx_word' id='word_1_239' title='bbox 2164 4153 2720 4263; x_wconf 85' lang='lat' dir='ltr'><strong>maximopere</strong></span> <span class='ocrx_word' id='word_1_240' title='bbox 2766 4149 3422 4239; x_wconf 88' lang='lat' dir='ltr'><strong>commendanda</strong></span> <span class='ocrx_word' id='word_1_241' title='bbox 3451 4214 3478 4258; x_wconf 92' lang='lat'><strong><em>‚</em></strong></span> <span class='ocrx_word' id='word_1_242' title='bbox 3529 4149 3758 4273; x_wconf 88' lang='lat' dir='ltr'><strong>quod</strong></span> <span class='ocrx_word' id='word_1_243' title='bbox 3807 4183 3944 4239; x_wconf 87' lang='lat' dir='ltr'><strong>sex</strong></span> <span class='ocrx_word' id='word_1_244' title='bbox 3995 4175 4433 4268; x_wconf 82' lang='lat' dir='ltr'><strong>perpetuas</strong></span> 
     </span>
     <span class='ocr_line' id='line_1_30' title="bbox 1054 4269 4470 4387; baseline 0.001 -32"><span class='ocrx_word' id='word_1_245' title='bbox 1054 4270 1485 4357; x_wconf 82' lang='lat' dir='ltr'><strong>missiones</strong></span> <span class='ocrx_word' id='word_1_246' title='bbox 1532 4303 1574 4356; x_wconf 86' lang='lat' dir='ltr'><strong>a</strong></span> <span class='ocrx_word' id='word_1_247' title='bbox 1630 4270 2019 4383; x_wconf 85' lang='lat' dir='ltr'><strong>religiosis</strong></span> <span class='ocrx_word' id='word_1_248' title='bbox 2067 4273 2264 4357; x_wconf 84' lang='lat' dir='ltr'><strong>viris</strong></span> <span class='ocrx_word' id='word_1_249' title='bbox 2311 4269 2629 4387; x_wconf 82' lang='lat' dir='ltr'><strong>aliquot</strong></span> <span class='ocrx_word' id='word_1_250' title='bbox 2660 4271 3153 4381; x_wconf 85' lang='lat' dir='ltr'><strong>regularium</strong></span> <span class='ocrx_word' id='word_1_251' title='bbox 3206 4269 3625 4358; x_wconf 88' lang='lat' dir='ltr'><strong>Ordinum</strong></span> <span class='ocrx_word' id='word_1_252' title='bbox 3657 4333 3683 4378; x_wconf 86' lang='lat'><strong>,</strong></span> <span class='ocrx_word' id='word_1_253' title='bbox 3735 4297 3821 4359; x_wconf 88' lang='lat' dir='ltr'><strong>et</strong></span> <span class='ocrx_word' id='word_1_254' title='bbox 3853 4273 4470 4359; x_wconf 75' lang='lat' dir='ltr'><strong>Institutornm&#39;</strong></span> 
     </span>
     <span class='ocr_line' id='line_1_31' title="bbox 1054 4386 4421 4510; baseline 0.002 -36"><span class='ocrx_word' id='word_1_255' title='bbox 1054 4392 1271 4476; x_wconf 85' lang='lat' dir='ltr'><strong>intra</strong></span> <span class='ocrx_word' id='word_1_256' title='bbox 1322 4392 1861 4503; x_wconf 82' lang='lat' dir='ltr'><strong>praescriptos</strong></span> <span class='ocrx_word' id='word_1_257' title='bbox 1910 4393 2077 4495; x_wconf 88' lang='lat' dir='ltr'><strong>(ne</strong></span> <span class='ocrx_word' id='word_1_258' title='bbox 2125 4386 2455 4475; x_wconf 87' lang='lat' dir='ltr'><strong>dissidia</strong></span> <span class='ocrx_word' id='word_1_259' title='bbox 2509 4387 2721 4495; x_wconf 88' lang='lat' dir='ltr'><strong>ulla,</strong></span> <span class='ocrx_word' id='word_1_260' title='bbox 2762 4414 2905 4475; x_wconf 83' lang='lat' dir='ltr'><strong>aut</strong></span> <span class='ocrx_word' id='word_1_261' title='bbox 2955 4388 3331 4478; x_wconf 78' lang='lat' dir='ltr'><strong>confusio</strong></span> <span class='ocrx_word' id='word_1_262' title='bbox 3381 4420 3754 4510; x_wconf 86' lang='lat' dir='ltr'><strong>unquam</strong></span> <span class='ocrx_word' id='word_1_263' title='bbox 3809 4394 4003 4480; x_wconf 89' lang='lat' dir='ltr'><strong>oriri</strong></span> <span class='ocrx_word' id='word_1_264' title='bbox 4053 4395 4421 4508; x_wconf 89' lang='lat' dir='ltr'><strong>possint)</strong></span> 
     </span>
     <span class='ocr_line' id='line_1_32' title="bbox 1056 4505 4502 4624; baseline 0.001 -32"><span class='ocrx_word' id='word_1_265' title='bbox 1056 4509 1358 4595; x_wconf 86' lang='lat' dir='ltr'><strong>limites</strong></span> <span class='ocrx_word' id='word_1_266' title='bbox 1406 4508 1564 4592; x_wconf 90' lang='lat' dir='ltr'><strong>sub</strong></span> <span class='ocrx_word' id='word_1_267' title='bbox 1615 4505 2041 4594; x_wconf 86' lang='lat' dir='ltr'><strong>nonnullis</strong></span> <span class='ocrx_word' id='word_1_268' title='bbox 2090 4509 2234 4594; x_wconf 85' lang='lat' dir='ltr'><strong>abs</strong></span> <span class='ocrx_word' id='word_1_269' title='bbox 2281 4540 2368 4594; x_wconf 86' lang='lat' dir='ltr'><strong>se</strong></span> <span class='ocrx_word' id='word_1_270' title='bbox 2401 4505 2645 4593; x_wconf 87' lang='lat' dir='ltr'><strong>editis</strong></span> <span class='ocrx_word' id='word_1_271' title='bbox 2694 4509 3074 4624; x_wconf 85' lang='lat' dir='ltr'><strong>capitulis</strong></span> <span class='ocrx_word' id='word_1_272' title='bbox 3107 4570 3133 4615; x_wconf 86' lang='lat'>‚</span> <span class='ocrx_word' id='word_1_273' title='bbox 3189 4509 3541 4621; x_wconf 83' lang='lat' dir='ltr'><strong>regulis,</strong></span> <span class='ocrx_word' id='word_1_274' title='bbox 3583 4532 3667 4597; x_wconf 85' lang='lat' dir='ltr'><strong>et</strong></span> <span class='ocrx_word' id='word_1_275' title='bbox 3715 4512 4037 4624; x_wconf 87' lang='lat' dir='ltr'><strong>legibus</strong></span> <span class='ocrx_word' id='word_1_276' title='bbox 4086 4514 4432 4598; x_wconf 88' lang='lat' dir='ltr'><strong>omnino</strong></span> <span class='ocrx_word' id='word_1_277' title='bbox 4491 4542 4502 4549; x_wconf 62' lang='lat'><strong>⁴</strong></span> 
     </span>
     <span class='ocr_line' id='line_1_33' title="bbox 1050 4622 4437 4745; baseline 0.002 -33"><span class='ocrx_word' id='word_1_278' title='bbox 1050 4623 1558 4742; x_wconf 83' lang='lat' dir='ltr'><strong>peragendas</strong></span> <span class='ocrx_word' id='word_1_279' title='bbox 1641 4622 2191 4734; x_wconf 80' lang='lat' dir='ltr'><strong>fundaverit,</strong></span> <span class='ocrx_word' id='word_1_280' title='bbox 2255 4630 2868 4745; x_wconf 88' lang='lat' dir='ltr'><strong>institueritque</strong></span> <span class='ocrx_word' id='word_1_281' title='bbox 2899 4693 2931 4733; x_wconf 84' lang='lat'><em>,</em></span> <span class='ocrx_word' id='word_1_282' title='bbox 2994 4659 3092 4714; x_wconf 84' lang='lat' dir='ltr'><strong>ac</strong></span> <span class='ocrx_word' id='word_1_283' title='bbox 3174 4634 3644 4718; x_wconf 76' lang='lat' dir='ltr'><strong>necessariis</strong></span> <span class='ocrx_word' id='word_1_284' title='bbox 3729 4630 4191 4718; x_wconf 90' lang='lat' dir='ltr'><strong>redditibus</strong></span> <span class='ocrx_word' id='word_1_285' title='bbox 4238 4693 4263 4736; x_wconf 92' lang='lat'><strong><em>‚</em></strong></span> <span class='ocrx_word' id='word_1_286' title='bbox 4351 4653 4437 4718; x_wconf 81' lang='lat' dir='ltr'><strong>et</strong></span> 
     </span>
     <span class='ocr_line' id='line_1_34' title="bbox 1056 4743 4446 4866; baseline 0.001 -33"><span class='ocrx_word' id='word_1_287' title='bbox 1056 4746 1637 4833; x_wconf 84' lang='lat' dir='ltr'><strong>emolumentis</strong></span> <span class='ocrx_word' id='word_1_288' title='bbox 1686 4744 2093 4834; x_wconf 79' lang='lat' dir='ltr'><strong>ditaverit.</strong></span> <span class='ocrx_word' id='word_1_289' title='bbox 2159 4743 2795 4866; x_wconf 80' lang='lat' dir='ltr'><strong>Quae-quidem</strong></span> <span class='ocrx_word' id='word_1_290' title='bbox 2845 4751 3120 4837; x_wconf 79' lang='lat' dir='ltr'><strong>omnia</strong></span> <span class='ocrx_word' id='word_1_291' title='bbox 3159 4752 3513 4866; x_wconf 75' lang='lat' dir='ltr'><strong>capitula</strong></span> <span class='ocrx_word' id='word_1_292' title='bbox 3545 4814 3571 4859; x_wconf 87' lang='lat'>‚</span> <span class='ocrx_word' id='word_1_293' title='bbox 3637 4752 4016 4864; x_wconf 83' lang='lat' dir='ltr'><strong>regulae,</strong></span> <span class='ocrx_word' id='word_1_294' title='bbox 4081 4774 4165 4838; x_wconf 91' lang='lat' dir='ltr'><strong>et</strong></span> <span class='ocrx_word' id='word_1_295' title='bbox 4217 4752 4446 4864; x_wconf 74' lang='lat' dir='ltr'><strong>leges·</strong></span> 
     </span>
    </p>
   </div>
   <div class='ocr_carea' id='block_1_4' title="bbox 1050 4864 4097 5226">
    <p class='ocr_par' dir='ltr' id='par_1_13' title="bbox 1050 4864 4097 5226">
     <span class='ocr_line' id='line_1_35' title="bbox 1050 4864 2699 4986; baseline 0 -32"><span class='ocrx_word' id='word_1_296' title='bbox 1050 4887 1254 4967; x_wconf 71' lang='lat' dir='ltr'><strong>aunt</strong></span> <span class='ocrx_word' id='word_1_297' title='bbox 1300 4868 1607 4954; x_wconf 74' lang='lat' dir='ltr'><strong>tenoris</strong></span> <span class='ocrx_word' id='word_1_298' title='bbox 1659 4867 1806 4986; x_wconf 89' lang='lat' dir='ltr'><strong>qui</strong></span> <span class='ocrx_word' id='word_1_299' title='bbox 1854 4867 2237 4985; x_wconf 87' lang='lat' dir='ltr'><strong>sequitur</strong></span> <span class='ocrx_word' id='word_1_300' title='bbox 2281 4864 2699 4955; x_wconf 80' lang='lat' dir='ltr'><strong>videlicet.-</strong></span> 
     </span>
     <span class='ocr_line' id='line_1_36' title="bbox 1371 5103 4097 5226; baseline 0.001 -33"><span class='ocrx_word' id='word_1_301' title='bbox 1371 5105 1503 5193; x_wconf 91' lang='lat' dir='ltr'><em>M</em></span> <span class='ocrx_word' id='word_1_302' title='bbox 1495 5107 1836 5191; x_wconf 79' lang='lat' dir='ltr'><strong>issiones</strong></span> <span class='ocrx_word' id='word_1_303' title='bbox 1899 5109 1992 5190; x_wconf 84' lang='lat' dir='ltr'><strong>in</strong></span> <span class='ocrx_word' id='word_1_304' title='bbox 2038 5107 2436 5193; x_wconf 76' lang='lat' dir='ltr'><strong>Dioecest‘</strong></span> <span class='ocrx_word' id='word_1_305' title='bbox 2479 5103 3103 5226; x_wconf 75' lang='lat' dir='ltr'><strong>Salisburgensi</strong></span> <span class='ocrx_word' id='word_1_306' title='bbox 3141 5114 3590 5198; x_wconf 75' lang='lat' dir='ltr'><strong>novissime</strong></span> <span class='ocrx_word' id='word_1_307' title='bbox 3637 5116 4097 5198; x_wconf 81' lang='lat' dir='ltr'><strong>institutae.</strong></span> 
     </span>
    </p>
   </div>
   <div class='ocr_carea' id='block_1_5' title="bbox 670 5282 4424 5578">
    <p class='ocr_par' dir='ltr' id='par_1_14' title="bbox 670 5282 4424 5578">
     <span class='ocr_line' id='line_1_37' title="bbox 699 5282 4424 5473; baseline -0.004 -20"><span class='ocrx_word' id='word_1_308' title='bbox 699 5406 871 5473; x_wconf 69' lang='lat' dir='ltr'><strong>Losa</strong></span> <span class='ocrx_word' id='word_1_309' title='bbox 908 5401 1030 5470; x_wconf 61' lang='lat'><strong>02..</strong></span> <span class='ocrx_word' id='word_1_310' title='bbox 1175 5346 1249 5448; x_wconf 74' lang='lat' dir='ltr'><strong>S.</strong></span> <span class='ocrx_word' id='word_1_311' title='bbox 1314 5346 1396 5432; x_wconf 82' lang='lat'><strong>3.</strong></span> <span class='ocrx_word' id='word_1_312' title='bbox 1468 5345 1545 5453; x_wconf 70' lang='grc' dir='ltr'><strong>ᾸῘ.</strong></span> <span class='ocrx_word' id='word_1_313' title='bbox 1612 5348 1778 5434; x_wconf 91' lang='lat' dir='ltr'><strong>Pro</strong></span> <span class='ocrx_word' id='word_1_314' title='bbox 1825 5341 1990 5430; x_wconf 91' lang='grc' dir='ltr'><strong>ΡΡ.</strong></span> <span class='ocrx_word' id='word_1_315' title='bbox 2045 5339 2392 5430; x_wconf 87' lang='lat' dir='ltr'><strong>Ordinis</strong></span> <span class='ocrx_word' id='word_1_316' title='bbox 2442 5282 2525 5432; x_wconf 74' lang='lat' dir='ltr'><strong>S.</strong></span> <span class='ocrx_word' id='word_1_317' title='bbox 2597 5322 3039 5463; x_wconf 81' lang='lat' dir='ltr'><strong>Augustini</strong></span> <span class='ocrx_word' id='word_1_318' title='bbox 3106 5349 3193 5435; x_wconf 87' lang='lat' dir='ltr'><strong>in</strong></span> <span class='ocrx_word' id='word_1_319' title='bbox 3245 5345 3767 5440; x_wconf 81' lang='lat' dir='ltr'><strong>Praefectura</strong></span> <span class='ocrx_word' id='word_1_320' title='bbox 3831 5350 4200 5440; x_wconf 89' lang='lat' dir='ltr'><strong>Hallensi</strong></span> <span class='ocrx_word' id='word_1_321' title='bbox 4235 5415 4265 5462; x_wconf 81' lang='lat'>‚</span> <span class='ocrx_word' id='word_1_322' title='bbox 4338 5370 4424 5438; x_wconf 86' lang='lat' dir='ltr'><strong>et</strong></span> 
     </span>
     <span class='ocr_line' id='line_1_38' title="bbox 670 5463 3302 5578; baseline -0.002 -15"><span class='ocrx_word' id='word_1_323' title='bbox 670 5496 928 5564; x_wconf 76' lang='lat' dir='ltr'><strong>dinibus</strong></span> <span class='ocrx_word' id='word_1_324' title='bbox 1059 5488 1345 5557; x_wconf 87' lang='lat' dir='ltr'><strong>monte</strong></span> <span class='ocrx_word' id='word_1_325' title='bbox 1394 5465 1840 5578; x_wconf 85' lang='lat' dir='ltr'><strong>Turnberg</strong></span> <span class='ocrx_word' id='word_1_326' title='bbox 1875 5528 1902 5575; x_wconf 83' lang='lat'><strong>,</strong></span> <span class='ocrx_word' id='word_1_327' title='bbox 1967 5463 2114 5554; x_wconf 85' lang='lat' dir='ltr'><strong>ubi</strong></span> <span class='ocrx_word' id='word_1_328' title='bbox 2164 5487 2362 5554; x_wconf 82' lang='lat' dir='ltr'><strong>sunt</strong></span> <span class='ocrx_word' id='word_1_329' title='bbox 2414 5468 2881 5559; x_wconf 87' lang='lat' dir='ltr'><strong>Salinarum</strong></span> <span class='ocrx_word' id='word_1_330' title='bbox 2933 5467 3302 5560; x_wconf 84' lang='lat' dir='ltr'><strong>fossores.</strong></span> 
     </span>
    </p>
   </div>
  </div>
 </body>
</html>
