4834 6409
427 629 606 720 latii
655 622 1117 748 Apostolici
1167 618 1614 715 Auditores
1691 618 2109 743 judicari,
2173 644 2260 715 et
2307 610 2639 712 definiri
2683 616 3058 729 debere3
3122 610 3220 707 ac
3278 498 3801 726 {rx-{tumlti

424 754 675 839 inane
738 742 1154 868 quidquid
1202 777 1436 834 secus
1482 776 1731 862 snper
1778 744 1910 833 his
1950 779 2001 835 a
2053 776 2478 867 quoquam
2527 745 2819 864 quavis
2866 742 3350 833 auctoritate
3397 738 3795 848 scienter,

304 942 309 949 .
423 873 565 960 vel
615 875 1089 983 ignoranter
1136 869 1576 979 contigerit
1624 869 2037 955 attentari.
3675 908 3680 915 ·
4177 952 4192 967 Α

473 1056 477 1060 >
548 1000 623 1097 5.
675 991 759 1077 8.
822 989 1015 1077 Non
1054 988 1587 1075 obstantibus
1653 987 2167 1103 praemissis,
2232 1021 2329 1076 ac
2404 983 3165 1073 constitutionibus
3198 1045 3224 1091 ,
3288 1005 3376 1073 et
3437 977 3800 1071 Ordina·
3839 978 4184 1074 Demgstio

430 1110 801 1197 tionibus
850 1109 1397 1225 Apostolicis,
1462 1130 1547 1195 et
1595 1130 2004 1225 quatenus
2052 1137 2261 1225 opus
2306 1111 2414 1194 sit
2458 1105 3092 1196 Provinciarum
3142 1100 3599 1193 Hiberniae
3632 1166 3659 1213 ‚
3713 1128 3800 1193 et
3820 1077 4163 1238 zamri*

434 1229 802 1333 Scotiae,
865 1252 947 1315 et
998 1225 1343 1316 Ordinis
1389 1226 1998 1344 praedictorum
2039 1291 2064 1334 ‚
2106 1229 2453 1349 aliisque
2502 1225 2933 1348 quibusvis
2981 1228 3229 1313 etiam
3275 1222 3793 1333 Sim-amento,
3968 1215 3986 1234 ⁶

433 1347 1056 1436 confirmatione
1102 1349 1579 1461 Apostolica
1607 1410 1637 1453 ,
1701 1349 1831 1434 vel
1880 1351 2172 1467 quavis
2219 1347 2612 1436 firmitate
2673 1347 2829 1432 alia
2878 1345 3282 1431 roboratis
3314 1407 3340 1452 ‚
3395 1352 3730 1433 statutis
3766 1408 3794 1453 ,

427 1489 510 1555 et
557 1466 1356 1576 consuetudinibus,
1396 1469 1857 1582 privilegiis
1889 1496 2227 1586 quoque
2277 1468 2628 1559 indultis
2663 1526 2689 1573 ,
2728 1489 2812 1553 et
2860 1466 3115 1552 literis
3161 1465 3660 1580 Apostolicis
3706 1468 3798 1551 in

425 1592 933 1675 contrarium
982 1593 1614 1703 praemissorum
1665 1585 2298 1706 quomodolibet
2364 1588 2770 1677 concessis
2803 1649 2833 1691 ,
2897 1582 3400 1672 confirmatis
3431 1647 3463 1688 ,
3541 1609 3625 1672 et
3672 1588 3800 1671 in·

425 1713 777 1794 novatis.
860 1708 1197 1815 Quibus
1246 1708 1687 1814 omnibus,
1754 1731 1836 1795 et
1883 1711 2278 1820 singulis,
2346 1711 2682 1795 illorum
2767 1727 3093 1793 tenores
3140 1765 3166 1810 ‚
3231 1706 3800 1820 praesentibus

422 1858 576 1943 pro
628 1828 870 1944 plene
898 1889 927 1930 ,
980 1852 1063 1913 et
1110 1825 1616 1914 sufficienter
1653 1829 2091 1942 expressis,
2124 1862 2220 1916 ac
2268 1827 2374 1916 de
2425 1829 2686 1917 verbo
2736 1824 2840 1913 ad
2879 1826 3231 1913 verbum
3286 1827 3608 1913 insertis
3656 1823 3801 1912 ha-

425 1948 722 2035 bentes
760 2011 785 2054 ,
840 1948 1000 2031 illis
1048 1947 1243 2032 alias
1292 1950 1375 2033 in
1428 1977 1579 2032 suo
1632 1949 1925 2037 robore
1977 1953 2527 2064 permansuris
2577 1949 2734 2035 hac
2784 1949 2965 2036 vice
3015 1944 3441 2032 dumtaxat
3491 1949 3801 2063 specia-

427 2065 613 2152 liter
646 2129 673 2173 ,
738 2092 821 2153 et
870 2096 1238 2179 expresse
1288 2065 1829 2179 derogamus,
1882 2066 2343 2189 ceterisque
2393 2070 2820 2158 contrariis
2856 2067 3550 2186 quibuscumque.

553 2185 863 2273 Datum
917 2187 1226 2272 Romae
1276 2185 1498 2302 apud
1563 2191 1645 2272 S.
1699 2189 2048 2275 Mariam
2098 2191 2505 2306 Majorem
2573 2190 2731 2277 snb
2786 2187 3126 2275 Annulo
3175 2187 3609 2278 Piscatoris
3656 2183 3795 2275 die

435 2334 563 2390 xo.
623 2306 1012 2393 Octobris
1073 2309 1323 2426 1737.
1379 2307 1916 2397 Pontificatus
1967 2307 2244 2396 Nostri
2311 2326 2533 2398 anno
2583 2330 2897 2398 octavo·

548 2676 1212 2791 Congregatiom'
1236 2737 1264 2775 ,
1325 2692 1408 2756 et
1461 2671 1838 2791 Collegio
1889 2673 1991 2758 S..
2036 2675 2470 2759 Familiae
2530 2675 2733 2762 Jesu
2814 2673 3138 2761 Christi
3215 2662 3791 2792 Neapolitan„

656 2821 1111 2908 eorumque
1158 2791 1593 2878 Ecclesiae
1619 2855 1644 2898 ,
1699 2795 2227 2912 Presbyteris
2274 2794 2868 2880 Saecularibus
2905 2858 2930 2901 ,
3002 2795 3369 2881 alumnis
3394 2860 3426 2901 ,
3474 2815 3558 2882 et
3603 2828 3797 2882 con·

667 2914 1117 2998 victoribus
1146 2974 1171 3017 ,
1247 2932 1326 2997 et
1371 2917 1744 3025 personis
1806 2945 2028 2999 nunc
2056 2979 2080 3022 ‚
2167 2933 2249 2998 et
2322 2946 2480 3028 pro
2533 2935 2901 3029 tempore
2972 2920 3526 3003 existentibus
3574 2948 3798 3002 com-

666 3034 1211 3114 municantur
1250 3030 1704 3150 pn‘vilegia
1740 3097 1764 3142 ,
1836 3042 2474 3154 praerogativae
2503 3099 2526 3145 ‚
2549 3033 3025 3153 facultates
3073 3100 3096 3138 ‚
3125 3036 3474 3154 favores
3508 3102 3533 3146 ,
3581 3068 3797 3156 gra-

661 3154 838 3236 tiae
868 3212 891 3256 ‚
967 3148 1556 3269 Indulgentiae
1584 3216 1608 3257 ,
1671 3161 2240 3267 exemptiones
2276 3218 2300 3261 ‚
2384 3176 2467 3239 et
2547 3153 2896 3244 Indulta
2982 3159 3790 3280 Congregationibus

670 3272 1059 3356 oratorii
1103 3270 1187 3355 S.
1247 3273 1634 3387 Philippi
1689 3272 1798 3361 N
1785 3279 1949 3358 erii
1977 3338 2006 3379 ,
2086 3296 2168 3360 et
2219 3278 2580 3361 Piorum
2660 3278 3267 3390 Operae-iorum
3341 3310 3727 3366 concessa
3760 3339 3792 3380 ,

664 3421 770 3473 ac
815 3420 1097 3475 omnes
1125 3453 1149 3498 ,
1186 3411 1269 3475 et
1312 3393 1700 3511 singulae
1747 3392 2335 3516 Indulgentiae
2383 3395 2818 3484 Ecclesiae
2864 3400 2952 3485 S·
2990 3402 3346 3486 Mariae
3394 3398 3512 3489 ad
3539 3401 3793 3487 Mar-

667 3527 927 3629 tyres,
957 3509 1225 3630 vulgo·
1253 3510 1470 3602 della
1520 3513 1926 3600 Rotonda.

1024 3752 2050 3873 CLEMENS
2169 3755 2719 3871 PAPA
2836 3755 3185 3877 XII.

1368 3999 1523 4087 Ad
1556 4020 2052 4117 perpetuam
2130 4010 2263 4091 rei
2321 4010 2847 4093 memoriam.

458 4292 467 4305 ·
549 4146 630 4321 I
647 4260 828 4326 nter
876 4242 1352 4355 praecipuas
1399 4241 1829 4329 ministerii
1880 4246 2138 4331 nostri
2171 4271 2441 4362 partes
2469 4311 2498 4352 ,
2550 4248 2634 4333 in
2678 4246 3077 4361 Suprema
3118 4247 3600 4341 Catholicae
3626 4252 3789 4345 Ec·
3812 4254 4169 4329 Proehlium

423 4354 719 4445 clesiae
768 4358 1478 4447 administratione
1528 4365 1908 4449 tenuitati
1959 4388 2283 4473 nostrae
2330 4399 2475 4486 per
2524 4366 3030 4457 ineffabilem
3082 4365 3413 4459 divinae
3471 4378 3791 4491 sapien-

422 4476 584 4564 tiae
622 4541 647 4584 ,
712 4502 962 4600 atque
1036 4482 1427 4569 bonitatis
1482 4478 2079 4569 abundantiam
2154 4482 2646 4576 demandata
2707 4512 3088 4576 accurate
3136 4491 3623 4605 obeundas,
3690 4500 3800 4586 il·-

420 4593 583 4682 lam
641 4630 805 4686 non
865 4604 1237 4690 ultimam
1289 4624 1819 4717 reputamus,
1886 4625 1982 4687 ut
2032 4603 2576 4697 luculentiora
2642 4606 3125 4698 Pontificiae
3191 4611 3781 4733 benignitatis,

419 4725 1094 4843 auctoritatisque
1155 4724 1579 4840 privilegia
1614 4786 1645 4826 ,
1706 4746 1792 4809 et
1839 4726 2130 4834 gratias
2181 4752 2526 4845 paterno
2559 4793 2585 4838 ‚
2623 4729 3112 4849 :libentique
3160 4735 3439 4821 animo
3488 4740 3587 4825 iis
3635 4739 3820 4828 di-·
3917 4788 3926 4796 ·

418 4833 654 4925 lectis
714 4839 907 4929 filiis
955 4841 1536 4951 conferamus,
1601 4847 1744 4961 qui
1783 4908 1813 4950 ,
1875 4847 2091 4932 sicut
2171 4850 2548 4939 novellae
2627 4850 3036 4940 olivarum
3093 4852 3645 5056 plantationes
3695 4864 3786 4949 iu

416 4954 857 5067 juventute
906 4995 1051 5051 sua
1081 5027 1107 5072 ‚
1160 4965 1457 5054 uberes
1517 4965 1933 5052 bonorum
2001 4994 2349 5081 operum
2405 4968 2726 5059 fructus
2775 4971 2861 5057 in
2929 4969 3090 5059 Cat
3151 4974 3361 5062 olica
3407 4977 3788 5068 Ecclesia

414 5072 765 5165 alacrius
814 5081 1178 5195 proferre
1225 5107 1683 5198 satagentes
1711 5148 1739 5187 ,
1772 5085 2153 5177 uberiora
2207 5091 2727 5206 Apostolicae
2773 5090 3459 5204 beneficentiae,·
3499 5098 3788 5186 indul-

414 5198 940 5401 gffgtiaeque
972 5224 1317 5335 nostrae·
1379 5234 1723 5291 munera
1775 5267 1801 5316 ‚
1862 5212 2459 5323 praerogativas
2493 5274 2519 5319 ,
2585 5240 2682 5300 ac
2739 5206 3064 5301 favores
3121 5215 3283 5302 sibi
3331 5223 3786 5333 promereri

413 5342 501 5402 vt
566 5343 837 5407 entur.
1048 5346 1064 5364 ²

456 5482 469 5497 ·
533 5445 639 5541 Sa.
674 5471 759 5528 ι.
800 5382 1139 5561 =Exponi
1194 5418 1622 5565 siquidem
1670 5445 1915 5535 nobis
1962 5479 2232 5566 nuper
2306 5450 2510 5543 feeit
2573 5394 2956 5545 Dilectus
3034 5450 3257 5544 filius
3314 5384 3785 5552 Matthaeus
3806 5452 4168 5563 Ψῑὼκω
4216 5408 4222 5413 ⁹

417 5553 625 5670 Ripa
660 5597 689 5671 ·‚
738 5562 1179 5652 fundator
1205 5627 1233 5672 ,
1295 5588 1381 5654 et
1420 5564 1877 5658 modernus
1924 5569 2316 5688 Superior
2349 5636 2375 5681 ‚
2420 5574 2525 5661 a'c
2571 5572 2884 5663 Rectot·
2925 5573 3608 5693 congregationis
3637 5647 3664 5694 ,
3699 5607 3788 5674 et
3805 5547 3976 5709 {2¹2⁸
4005 5550 4171 5711 ἐξ

416 5670 1012 5898 affigi-{123¹}
1041 5689 1563 5805 invocatione
1638 5693 1934 5788 Sacrae
1981 5691 2381 5790 Familiae
2424 5692 3258 5933 JmCGhrgistiextra
3300 5730 3584 5805 muros
3643 5704 3785 5799 Ci-
3806 5732 4122 5827 vegatio-

4813 2836 4826 2899 ᾼΙμ
4821 2742 4822 2747 Α

4813 4034 4828 4235 *2⁴ss
4811 3792 4828 3981 ἑ-,ᾃᾼ
4809 3694 4820 3737 ··“
