4834 6409
1086 380 1258 487 224

676 506 756 562 ‘t
828 489 1007 603 ‘51³3‘
1076 496 1471 586 dimentis
1506 562 1528 603 ,
1607 524 1697 582 ac
1749 502 2151 612 mysteriis
2203 562 2228 606 ‚
2294 497 2923 617 christianisque
2971 497 3422 585 virtutibus
3471 496 3906 582 instruitur
3939 561 3964 605 ,
4018 495 4457 605 salubriter

690 586 1017 744 {fnffibbf
1078 616 1389 725 editas,
1457 651 1602 735 per
1664 618 2031 707 edictum
2096 619 2231 709 die
2294 620 2422 707 15.
2479 622 2974 707 Novembris
3038 621 3279 737 1730.
3331 625 3559 734 jussu
3628 641 3904 703 nostro
3967 620 4456 733 promulga-

691 790 1053 850 concessas,
1079 762 1261 831 tum
1313 740 2041 849 confirmavimuS,
2108 776 2205 829 ac
2254 747 2499 830 etiam
2581 743 3155 853 ampliavimus
3192 803 3217 845 ,
3283 765 3365 827 et
3442 737 3798 829 subinde
3851 737 4455 829 Christifideles

688 861 1241 950 adltaliam‚13m
1304 864 1588 948 Almae
1639 862 1896 947 Urbis
1940 890 2256 951 nostrae
2295 928 2319 972 ‚
2385 896 2637 983 quam
2694 865 3122 950 universae
3175 861 3506 968 ltaliae,
3561 894 3655 955 ac
3708 860 4178 951 Insularum
4233 857 4464 977 adja-

685 955 1054 1116 1¹¹²¹⁸0¹²¹2⁸Jv
1079 987 1444 1073 centium
1503 1015 1649 1097 pro
1702 1008 2067 1101 tempore
2132 991 2622 1092 existenteS‚
2693 1007 2782 1069 ut
2867 974 3164 1097 operae
3213 980 3694 1099 huiusmodi
3782 978 4236 1068 ferventius
4322 987 4451 1069 in-

691 1072 916 1206 gentes
948 1072 1567 1206 (iheumberent
1613 1168 1665 1209 ,‚
1697 1109 2043 1192 excitare
2096 1108 2465 1211 volentes
2499 1171 2531 1211 ,
2580 1137 2865 1193 omnes
2895 1169 2917 1209 ,
2959 1127 3043 1199 et
3093 1107 3453 1218 singulas
3505 1102 4211 1215 Indulgentiaset
4265 1135 4453 1217 pec*

687 1231 907 1303 tendit.
1081 1247 1479 1312 catorum
1540 1229 2049 1317 remissiones
2087 1293 2110 1334 ,
2179 1258 2277 1313 ac
2324 1228 3021 1342 poenitentiarum
3089 1228 3615 1317 relaxationes
3653 1289 3678 1331 ,
3744 1256 3958 1345 quae
4012 1259 4053 1309 a
4108 1225 4460 1343 quibus·

1080 1350 1204 1432 vis
1256 1347 1647 1436 Romanis
1735 1346 2280 1434 Pontificibus
2344 1346 3118 1435 Praedecessoribns
3194 1377 3531 1467 quoque
3616 1349 3906 1441 nostris
3995 1342 4467 1460 praefatum

1082 1466 1758 1576 Catechisr-num,
1822 1502 1966 1555 seu
2016 1469 2504 1555 Doctrinarn
2559 1466 3114 1563 Christianam
3167 1471 3390 1581 juxta
3443 1464 3770 1557 decreta
3824 1465 4189 1564 Concilii
4272 1467 4461 1551 Tri-

1082 1583 1405 1673 dentini
1459 1591 1542 1672 in
1597 1590 1990 1677 Ecclesiis
2026 1653 2051 1696 ,
2119 1614 2202 1676 et
2269 1589 2670 1675 Oratoriis
2720 1619 3018 1705 pueros
3069 1586 3617 1693 docentibus,
3684 1611 3826 1680 aut
3876 1585 4144 1673 eidem
4176 1650 4201 1693 ‚
4261 1584 4469 1675 dum

1082 1705 1494 1809 traditur,
1561 1711 2292 1818 interessentibus,
2372 1735 2710 1803 eatenus
2779 1739 3159 1795 concessa
3212 1709 3899 1821 reperiebantur,
3964 1706 4068 1809 ad
4135 1704 4463 1795 adultos

1081 1827 1393 1935 Urbis,
1461 1828 1802 1933 Italiae,
1867 1855 1952 1918 et
2005 1831 2478 1918 Insularurn
2550 1828 3159 1945 praedictarum
3220 1831 3372 1942 ipsi
3442 1826 4030 1935 catechismo,
4096 1858 4244 1919 seu
4293 1827 4465 1915 Do-

1085 1951 1396 2035 ctrinae
1444 1948 1962 2038 Christianae
2013 1955 2589 2055 interessentes
2637 1948 3221 2039 extendimus-
3663 2022 3666 2027 .
3973 2034 3978 2041 .

698 2105 878 2175 Alia·
927 2127 1029 2173 m.
1201 2079 1274 2175 S.
1347 2102 1423 2152 2.
1493 2071 1920 2161 Praeterea
2001 2070 2312 2159 eisdem
2374 2070 2729 2179 adultis,
2797 2072 2941 2189 qui
3019 2101 3212 2157 vere
3262 2072 3827 2184 poenitentes,
3895 2094 3981 2155 et
4056 2067 4457 2177 confessi,

702 2196 1181 2290 peraddiditac
1234 2190 1477 2277 Sacra
1527 2190 2142 2280 Communione
2192 2189 2473 2280 refecti
2510 2255 2537 2301 ,
2601 2188 3008 2307 ejusmodi
3058 2193 3198 2307 pio
3245 2193 3628 2278 exercitio
3680 2188 3978 2277 devote
4026 2192 4470 2279 interveni-

697 2290 1041 2450 {iqdulgem
1089 2333 1272 2395 rent
1306 2374 1331 2418 ,
1398 2343 1560 2429 qua
1616 2315 1795 2399 vice
1848 2311 1933 2398 id
1983 2326 2360 2423 agerent,
2425 2337 2738 2426 septem
2807 2343 3065 2398 annos
3101 2375 3126 2419 ,
3193 2306 3280 2397 et‘
3329 2308 3672 2397 totidem
3741 2309 4308 2430 quadragenas
4356 2310 4467 2400 de

740 2505 750 2545 ,
795 2405 844 2450 ⁸‘
1087 2432 1485 2539 iniunctis
1535 2436 1648 2517 eis
1685 2495 1710 2539 ,
1774 2465 1919 2520 seu
1972 2434 2166 2518 alias
2216 2430 2847 2551 quomodolibet
2908 2430 3210 2517 debitis
3258 2418 3785 2545 poenitentiis
3842 2436 3921 2517 in
3989 2428 4251 2518 forma
4303 2432 4468 2518 Ec·

1089 2551 1382 2638 clesiae
1448 2576 1837 2640 consueta
1918 2554 2535 2666 relaxavimus3
2601 2556 2747 2673 qui
2829 2583 3030 2640 vero
3113 2548 3325 2636 illud
3385 2548 3708 2638 assidue
3779 2549 4468 2671 frequentarent,

1088 2669 1482 2759 eumdem
1528 2672 2194 2789 Cuatechismum,
2244 2674 2840 2763 Doctrinamve
2892 2672 3442 2760 Christianam
3531 2669 3920 2760 docentes
3955 2736 3980 2779 ‚
4043 2674 4179 2759 vel
4245 2672 4477 2760 addi·

1086 2816 1448 2899 scentes,
1482 2828 1576 2880 ac
1625 2827 1820 2883 vere
1869 2795 2243 2881 similiter
2290 2799 2808 2912 poenitentes
2839 2856 2864 2900 ,
2911 2817 2998 2880 et
3046 2789 3391 2879 confessi
3418 2855 3448 2905 ,‚
3494 2825 3885 2911 sacraque
3920 2792 4467 2881 Communic-

1088 2944 1197 3000 ne
1251 2911 1537 3003 refecti
1595 2948 1748 3031 pro
1799 2915 2457 3004 Christianorum
2514 2915 2995 3029 Principum
3059 2910 3497 3020 concordia
3535 2976 3561 3021 ,
3631 2913 4057 3001 haeresum
4124 2917 4470 3030 extirpa·-
4597 2920 4614 2945 ⁸

1086 3035 1371 3140 tione,
1437 3067 1531 3122 ac
1583 3038 1933 3123 Sanctae
1996 3036 2281 3121 Matris
2331 3036 2759 3122 Ecclesiae
2825 3036 3313 3121 exaltatione
3348 3096 3373 3139 ‚
3438 3036 3628 3147 pias,
3677 3032 3783 3125 ad
3841 3035 4125 3121 Deum
4186 3065 4472 3150 preces

1089 3149 1673 3261 effunderent,
1739 3159 1819 3239 in
1873 3153 2340 3241 Nativitatis
2389 3154 2731 3241 Domini
2801 3155 3078 3241 Nostri
3148 3153 3345 3239 Jesu
3397 3153 3772 3266 Christi,
3839 3154 4254 3241 Paschatis
4317 3156 4477 3245 Re-

1090 3278 1622 3360 surrectionis
1686 3275 2237 3383 Dominicae,
2303 3307 2460 3362 nec
2513 3307 2678 3363 non
2734 3272 3232 3363 Sanctorum*
3301 3275 3578 3382 Petri,
3646 3306 3692 3361 e
3742 3277 3980 3366 Pauli
4046 3277 4479 3391 Apostolo-

1090 3426 1278 3480 rum
1328 3391 1552 3481 festis
1603 3393 1898 3483 diebus
1935 3396 2389 3516 plenariam
2429 3397 2805 3483 omnium
2858 3418 3378 3510 peccatorum
3434 3427 3773 3485 suorum
3826 3393 4478 3507 Indulgentiam,

1089 3536 1175 3609 et
1227 3518 1786 3605 remissionem
1841 3515 2478 3607 misericorditer
2534 3521 2618 3602 in
2657 3517 3023 3603 Domino
3073 3518 3678 3623 concessimus,
3710 3541 3795 3607 et
3842 3517 4037 3604 alias
4086 3543 4335 3630 prout
4387 3521 4481 3608 in

1092 3638 1389 3720 nostris
1437 3639 1522 3722 in
1583 3639 1751 3751 pari
1806 3634 2071 3741 forma,
2117 3638 2399 3728 Brevis
2451 3635 2587 3725 die
2646 3670 2782 3759 27⁴.
2836 3637 3065 3722 Junii
3142 3635 3387 3757 ¹735.
3443 3634 3796 3752 desuper
3844 3635 4245 3753 expeditis
4296 3641 4478 3729 lite-

1091 3755 1202 3842 ris
1239 3818 1262 3861 ,
1327 3786 1529 3875 quas
1584 3762 1993 3873 perpetuis
2077 3755 2375 3845 futuris
2437 3759 2951 3872 temporibus
3024 3761 3303 3845 valere
3380 3761 3813 3844 statuimus
3852 3823 3877 3866 ,
3943 3790 4514 3880 quarumque*

1092 3897 1461 3962 tenorem
1521 3878 2088 3993 praesentibus
2150 3910 2299 3992 pro
2360 3877 2607 3994 plene
2644 3940 2668 3987 ,
2734 3901 2815 3966 et
2863 3876 3371 3969 sufficienter
3422 3909 3845 3993 expresso,
3913 3903 3995 3965 et
4061 3880 4167 3969 de
4212 3882 4476 3972 verbo

1018 4090 1022 4099 ,
1094 3992 1198 4083 ad
1252 3998 1604 4084 verbum
1656 4002 1962 4086 inserto
2011 3997 2297 4086 haberi
2353 3999 2777 4107 volumus,
2856 3999 3193 4086 uberius
3244 4000 3744 4086 continetur.

702 4107 1068 4263 driniumo-
1214 4114 1280 4218 S.
1348 4120 1430 4203 3.
1496 4119 1748 4206 Nunc
1799 4142 2076 4205 autem
2127 4121 2756 4209 nosmemorati
2811 4118 3367 4229 Cateehismi,
3438 4118 3888 4211 Doctrinae
3951 4120 4474 4211 Christianae

705 4220 1070 4358 εξοζζξοέζ
1097 4267 1401 4347 usum,
1468 4264 1551 4326 et
1627 4238 1749 4325 fre
1814 4240 2181 4326 uentiam
2257 4263 2687 4355 tantopere
2765 4239 3511 4327 commendabilem
3562 4304 3587 4348 ,
3686 4274 3780 4328 ac
3841 4244 4284 4329 salutarem
4365 4273 4474 4331 ne

701 4395 799 4449 tra
820 4381 1066 4450 ltaliam
1095 4355 1383 4446 fideles
1434 4363 1745 4446 circum
1786 4382 2123 4450 erantur
2175 4380 2573 4479 tanquam
2627 4362 2950 4475 parvuli
2997 4360 3495 4452 fluctuantes
3560 4366 3785 4450 omni
3842 4386 4094 4453 vento
4173 4361 4478 4452 doctri-

691 4473 999 4541 extendit
1098 4508 1255 4563 nae
1303 4540 1329 4585 ,
1396 4478 1540 4567 sed
1604 4477 1846 4566 firmo
1897 4476 2091 4567 fidei
2142 4476 2695 4571 fundamento
2742 4476 3278 4571 adhaerentes
3327 4479 3972 4573 coaedificentur
4021 4487 4107 4571 in
4156 4482 4481 4573 habita-.-

1097 4597 1385 4688 culum
1446 4599 1610 4688 Dei
1646 4602 1731 4685 in
1788 4600 2097 4715 Spiritu
2153 4600 2459 4693 Sancto
2509 4601 2826 4719 ubique
2881 4603 3250 4691 locorum
3289 4665 3314 4710 ,
3379 4631 3475 4688 ac
3552 4607 3922 4719 gentium
3972 4609 4403 4722 propagari
4439 4628 4478 4715 2·

1092 4720 1522 4839 magisque
1574 4722 1668 4829 in,
1715 4716 1890 4810 dies
1950 4724 2229 4830 augeri
2279 4725 2517 4811 enixe
2568 4725 3030 4837 cupientes,
3097 4724 3838 4843 supplicationibus
3888 4727 4136 4816 etiam
4195 4726 4476 4844 pluri-

1093 4869 1427 4926 morum
1478 4872 1574 4928 ex
1625 4840 2268 4931 Venerabilibus
2344 4841 2776 4930 Fratribus
2835 4842 3499 4961 Archiepiscopis
3526 4911 3556 4954 ,
3609 4869 3697 4936 et
3754 4845 4188 4964 Episcopis
4249 4869 4478 4938 extra

1093 4957 1417 5046 Italiam
1467 4958 1944 5077 hujusmodi
1997 4963 2594 5068 existentibus,
2660 4994 2816 5051 nec
2890 4995 3057 5052 non
3146 4961 3634 5058 dilectorum
3702 4965 4065 5058 filiorum
4131 4964 4477 5081 Officia·

1093 5077 1363 5190 lium,
1431 5105 1514 5172 et
1587 5080 2125 5175 Confratrum
2201 5079 3153 5177 Archiconfraternitatis
3217 5084 3673 5181 Doctrinae
3754 5087 4317 5195 Christianae·
4372 5088 4474 5199 iu

1094 5198 1336 5289 Urbe
1384 5201 1743 5320 praefata
1796 5199 2122 5296 dudum
2174 5206 2660 5295 auctoritate
2727 5205 3202 5325 Apostolica
3277 5232 3600 5301 erectae
3648 5210 3987 5298 nomine
4035 5208 4279 5303 nobis
4311 5206 4478 5296 ‘su-

1092 5350 1243 5437 per
1288 5320 1451 5412 hoc
1499 5323 1928 5416 humiliter
1974 5327 2369 5440 porrectis
2417 5322 2795 5418 inclinati
2826 5390 2858 5432 ,
2910 5330 3522 5421 concessionem
3570 5329 4345 5444 Indulgentiarum,
4384 5352 4476 5421 et

1092 5467 1624 5558 peccatorum
1672 5444 2235 5535 remissionem
2269 5509 2296 5555 ‚
2326 5444 3229 5575 ,poenitentiarumque
3279 5444 3858 5545 relaxationem
3909 5450 4403 5541 docentibus
4437 5508 4470 5569 ²„

1096 5583 1182 5657 et
1229 5561 1533 5661 adultis
1583 5562 2207 5659 addiscentibus
2271 5562 2890 5697 catechismum
2917 5632 2950 5681 ,
3008 5604 3168 5675 seu,
3203 5570 3697 5713 Doctrinae
3770 5570 4340 5693 Christianam,
4376 5572 4479 5692 iq
