4834 6409
3609 416 3778 505 283

397 570 749 687 utique,
831 561 1156 651 labores
1190 551 1741 671 *sudoresque
1818 548 2191 639 conterre
2238 610 2270 655 ‚
2331 570 2432 639 ut
2484 541 2820 633 tandem
2867 541 3018 660 qui
3093 539 3428 627 Christi·
3474 540 3783 679 amplcs⁵

402 713 745 777 ctuntur
807 678 1105 769 Eidem
1144 745 1171 789 ,
1247 677 1847 792 superstitiosos
1895 694 2378 763 aversentur
2427 670 2634 761 ritus
2682 728 2706 772 ,
2777 693 3084 780 eosque
3143 685 3778 779 tantumosusctv

294 866 301 875 ·
398 813 635 925 piant
710 829 792 899 et
873 805 1339 905 retineant,
1396 826 1619 915 ‚quos
1695 792 2126 881 Catholica
2210 790 2585 881 Ecclesia
2663 787 2800 901 pie
2868 785 3448 898 praescripsit,
3501 783 3781 889 acius-

402 933 616 1041 giter
664 946 993 1035 servat3
1062 944 1419 1017 attamen
1473 946 1623 1029 pro
1672 914 2106 1009 Pastoralis
2167 909 2457 1003 Officii
2528 906 2816 994 debito
2849 967 2874 1012 ,
2947 936 3069 1008 ac„
3109 904 3539 991 Paternae:
3591 899 3788 986 chac-

412 1051 674 1135 ritatis
749 1046 1104 1133 stimulo'
1184 1046 1481 1137 iterum
1560 1038 2032 1153 iterumque
2117 1059 2644 1121 commonere
2720 1057 2888 1113 non
2966 1021 3679 1128 desistimus,.ne
3744 1050 3792 1107 a

400 1169 843 1257 Pastorum
923 1166 1310 1279 Principe
1399 1163 1484 1243 in
1554 1152 1926 1257 custodia
1994 1155 2287 1273 Gregis
2362 1155 2489 1239 sui
2566 1150 2844 1235 minus
2920 1146 3293 1256 vigilasse
3377 1139 3792 1256 dijudice-

408 1320 663 1393 mur,
744 1311 830 1374 et
894 1281 1545 1371 Vobis-interim
1625 1281 1711 1365 in
1765 1279 2226 1392 auspicium
2286 1274 2708 1363 bonorum
2783 1269 3164 1357 omnium
3221 1263 3785 1380 Apostolicam

412 1405 1099 1499 Benedictioncm
1153 1401 1695 1515 impertimur«.
2531 1476 2540 1483 ,
3179 1462 3186 1469 .
3553 1440 3560 1447 -
3683 1476 3689 1483 Δ
3769 1420 3776 1425 ’

541 1524 852 1615 Datum
911 1525 1220 1609 Romae
1271 1516 1494 1634 apud
1550 1521 1933 1609 Sanctam
1983 1515 2334 1602 Mariam
2381 1513 2792 1627 Maiorem
2865 1508 3023 1594 sub
3072 1507 3420 1595 Annulo
3494 1505 3796 1592 Piscat-⁸

398 1618 558 1737 die
617 1649 746 1735 13.
800 1646 1001 1731 Maii
1066 1644 1315 1761 1739.
1373 1638 1912 1733 pontificatus
1963 1636 2242 1725 Nostri
2306 1665 2527 1725 anno
2581 1632 2735 1716 lx.

443 1842 449 1849 .
660 1816 667 1825 -
910 1774 915 1779 '
1405 1780 1411 1785 ’
2161 1758 2293 1843 Jo.
2360 1756 2871 1848 Vincentius
2924 1748 3550 1839 Lucckesinius.
3649 1812 3654 1817 -

715 2125 813 2217 A
811 2126 976 2213 biae
1037 2128 1334 2221 litem&
1374 2122 1938 2237 ‘Apostolicae
1986 2183 2012 2228 ,
2090 2124 2395 2240 quibus
2463 2124 2913 2209 memorati
2936 2119 3523 2234 jurisjurandi
3687 2168 3694 2179 -

1124 2244 1527 2364 faciendi
1582 2243 1986 2371 obligatio
2063 2241 2625 2333 vehementius
2671 2258 3076 2361 urgetur.
3633 2256 3640 2263 ·

434 2493 536 2588 V
520 2490 1081 2579 enerabilibus
1157 2486 1609 2574 Fratribus
1688 2448 2129 2599 Episcopis
2181 2488 2273 2567 in
2333 2485 2642 2604 Regnis
2701 2479 3150 2571 Indicarum
3231 2479 3805 2569 Orientalium

1083 2605 1604 2699 Madurensi
1634 2664 1660 2708 ‚
1738 2605 2341 2721 Maysszwemi
2361 2667 2393 2710 ,
2479 2622 2562 2689 et
2629 2604 3159 2691 carnutensi.
3783 2634 3788 2645 ’

1180 2847 1281 2962 c
1336 2780 1762 2957 L'E-'M
1815 2844 1910 2957 E
1964 2841 2066 2957 Ν
2121 2842 2201 2957 s
2329 2840 2598 2954 P-P.
2728 2778 3075 2956 ΧΠ.

572 3056 581 3065 ¹
638 3095 739 3188 V
727 3092 1185 3209 enerabiles
1246 3092 1338 3181 F
1327 3109 1594 3197 ratres
1642 3090 2024 3178 Salutem
2057 3154 2085 3201 ,
2138 3106 2224 3175 et
2268 3089 2850 3205 Apostolicam
2904 3087 3608 3180 Benedictionem.
3739 3194 3746 3200 ⁴

569 3245 1113 3429 Continet-e
1174 3333 1389 3419 labia
1442 3356 1715 3419 nostra
1768 3363 1933 3418 non
1986 3360 2424 3445 possumus
2473 3396 2498 3440 ,
2552 3334 2756 3449 quin
2830 3362 2975 3415 vos
3028 3329 3564 3427 venerabiies
3627 3329 3820 3416 Fra·

443 3484 604 3545 tres
678 3456 1151 3572 Apostolica
1228 3486 1433 3541 voce
1530 3457 1831 3540 iterum
1897 3454 2469 3569 alloquamur,
2525 3451 2876 3537 Moleste
2928 3449 3160 3559 Nos,
3238 3457 3405 3567 imo
3471 3454 3824 3564 graviter

442 3577 656 3666 fer're
737 3607 999 3695 usque
1049 3571 1324 3663 adhuc
1377 3596 1683 3661 certam
1734 3572 2464 3661 denunciationem
2533 3573 2880 3659 minime
2931 3575 3336 3687 accepisse
3369 3638 3399 3683 ,
3450 3575 3592 3691 qui
3648 3595 3823 3656 tan·

446 3698 637 3787 dem
693 3698 956 3783 exitus
1002 3698 1441 3809 contigerit
1488 3695 1807 3782 Nostris
1859 3695 2212 3802 Literis,
2263 3725 2469 3812 quas
2513 3689 2656 3779 die
2743 3698 2878 3804 24.
2949 3695 3304 3805 Augusti
3365 3696 3617 3810 1734.
3654 3693 3831 3777 Vo-

444 3821 632 3925 bis,
698 3841 783 3904 et
865 3818 1402 3905 Missionariis
1474 3816 1717 3901 isthic
1805 3814 2528 3902 commorantibus·
2578 3808 2991 3900 dedimus.
3084 3815 3300 3902 Sane
3375 3817 3827 3901 taciturnas

445 3938 669 4028 baec·
718 3962 1108 4025 curarum·
1142 4000 1166 4045 ,
1232 3962 1316 4024 et
1393 3938 1816 4053 angustiae
1884 3952 2157 4021 nostro·
2208 3958 2552 4049 paterno
2611 3963 2802 4046 erga
2851 3965 3000 4024 vos
3051 3938 3303 4022 amori
3357 3966 3596 4023 causa
3649 3957 3828 4039 est,

450 4082 632 4144 tum
686 4080 770 4142 et
816 4060 1167 4144 maxime
1230 4061 1423 4177 quia
1492 4060 1853 4143 incertae
1907 4055 2149 4160 licet,
2233 4084 2555 4168 sparsae
2620 4051 2759 4145 hic
2832 4077 3030 4143 sunt
3110 4086 3413 4161 voces,
3492 4051 3829 4141 easdem

449 4175 789 4263 Nostras
842 4174 1217 4282 Literas,
1288 4200 1371 4264 et
1446 4174 1801 4263 Decreta
1870 4174 1954 4260 in
2020 4175 2456 4288 publicum
2525 4175 2631 4258 ab
2698 4176 3089 4261 omnibus
3164 4179 3528 4261 minime.
3568 4176 3833 4287 posita

449 4293 708 4382 fuisse
735 4359 763 4401 ‚
842 4298 997 4382 nec
1072 4316 1350 4383 exacte
1382 4357 1406 4402 ,
1476 4319 1721 4413 prout
1806 4317 2130 4409 oportet
2162 4356 2188 4403 ,
2260 4291 2691 4410 adimpleri
2743 4356 2768 4400 ,
2834 4299 3037 4414 quin
3087 4300 3288 4380 ³non
3343 4293 3638 4381 deesse·
3687 4294 3832 4380 ali·

451 4446 661 4537 quos
699 4478 724 4522 ,
776 4418 921 4536 qui
970 4413 1289 4501 diversa
1352 4418 1783 4529 opinantes
1814 4478 1846 4522 ,
1907 4444 2002 4500 ac
2051 4413 2481 4537 loquentes
2530 4410 2963 4515 adducunt
3012 4413 3459 4529 discipulos
3507 4424 3689 4529 p'ost
3718 4444 3829 4501 se.

455 4541 743 4646 Quare
781 4540 1144 4652 primum
1177 4534 1765 4653 Fraterni-tates
1802 4557 2110 4623 vestras
2146 4568 2238 4624 ex
2270 4539 2550 4623 animo
2577 4538 3198 4653 requirimus,ut
3246 4532 3668 4656 quomodo
3699 4537 3836 4620 ist·

454 4655 596 4744 hic
635 4688 759 4745 res
788 4686 873 4744 se
902 4654 1227 4764 habeat,
1266 4656 1879 4776 quamprimum
1912 4657 2446 4761 renunciatis,
2474 4686 2582 4743 ne
2615 4654 2936 4768 longior
2973 4653 3306 4743 tarditas
3332 4655 3839 4744 acerbiorem

453 4778 719 4865 Nobis
756 4773 1047 4865 afferat
1069 4770 1883 4897 molestiam3deipde
1921 4774 2159 4863 firma
2190 4804 2335 4892 spe
2372 4773 2787 4881 ducimur,
2831 4776 3009 4863 zelo
3036 4775 3197 4865 Dei
3233 4806 3382 4865 vos
3410 4776 3838 4892 impellen-

460 4918 571 5003 te,
611 4899 694 4981 in
750 4895 1126 4986 doctrina
1174 4930 1367 4985 sana
1399 4897 1835 4985 nobiscum
1885 4924 2275 5011 exurgere
2308 4898 2405 4985 'in
2458 4925 2626 5003 eos,
2662 4898 2808 5016 qui
2857 4895 3474 5007 contradicunt,
3527 4919 3625 4983 ut
3667 4926 3841 4984 me-

458 5042 727 5102 mores
755 5014 1036 5124 officii,
1067 5021 1201 5105 cui
1252 5049 1339 5105 se
1368 5014 1890 5125 addi-xerunt,
1940 5014 2235 5106 sedulo
2269 5039 2642 5121 caveant,
2670 5047 2767 5104 ac
2815 5013 3254 5131 diligenter
3280 5019 3779 5133 prospiciant
3811 5081 3840 5122 ,

463 5166 572 5222 ne
596 5137 850 5249 culpa
880 5166 1165 5225 eorum
1205 5169 1259 5222 τ.-
1295 5136 1602 5239 Gentes
1639 5141 1851 5226 istae
1892 5144 2063 5227 sint
2106 5145 2494 5235 timentes
2540 5139 3011 5231 Dominum
3037 5204 3069 5244 ,
3101 5139 3256 5227 sed
3295 5138 3845 5225 nihilominus

459 5272 542 5340 et
591 5252 854 5342 Idolis
892 5261 1085 5359 suis,
1115 5260 1556 5354 servientes
1584 5257 1839 5345 :Hac
1888 5256 1997 5346 de
2043 5289 2286 5347 causa
2339 5259 2632 5347 alteras
2679 5260 3049 5345 misimus
3114 5260 3386 5351 literas
3435 5258 3505 5345 F
3508 5262 3850 5347 raterni-
3975 5320 3981 5327 -

342 5386 351 5394 '
463 5376 776 5465 tatibus
832 5375 1142 5465 Vestris
1172 5439 1201 5483 ,
1268 5398 1514 5497 atque
1577 5377 2109 5466 Missionariis
2142 5444 2169 5488 ,
2234 5381 2542 5503 quibus
2591 5380 3108 5493 gravioribus
3155 5381 3315 5471 sub
3365 5385 3653 5500 poenis
3703 5377 3849 5470 de·-

467 5493 1014 5602 mandamus‚
1077 5521 1175 5585 ut
1226 5523 1548 5588 nostrae
1594 5499 2046 5589 voluntatis
2127 5501 2502 5589 sensibus
2535 5562 2568 5608 ,
2641 5522 2728 5591 et
2775 5497 3152 5592 Decretis
3224 5503 3681 5613 obediant,
3765 5524 3853 5592 et

468 5648 716 5736 opere
777 5620 1273 5739 compleant.
1324 5620 1453 5710 Ne
1502 5650 1754 5733 vero,
1794 5644 1890 5721 ut
1928 5620 2334 5715 hactenus
2359 5686 2391 5730 ,
2453 5623 2673 5717 unus
2721 5620 3073 5831 altertssn
3123 5625 3495 5737 incuset,
3559 5648 3646 5716 et
3677 5623 3851 5715 Nos

2915 5806 2933 5821 „
3071 5775 3126 5832 n
3177 5776 3228 5833 2
