4834 6409
1072 519 1083 526 κ
3778 471 3811 528 ι

452 565 774 655 Matriti
818 559 1281 674 residenti,
1346 557 1801 671 Religiosos
1859 556 2534 678 uniuscujusque*
2569 556 3059 645 Provinciae
3106 619 3132 665 ,
3200 559 3348 677 qui
3407 466 3824 677 qualit-aigi·-¹

455 688 619 775 bus
667 683 779 773 ad
824 684 915 771 id
961 683 1434 771 necessariis
1481 676 1832 795 praediti
1879 680 2045 794 sint
2075 729 2107 784 ·,
2142 707 2389 792 super
2435 679 3062 797 quaestuatione
3110 679 3824 792 eleemosynarum

456 836 612 925 pro
652 802 975 900 eisdem
1018 805 1218 891 locis
1278 798 1686 917 deputent
1731 821 1819 888 et
1862 795 2264 915 deputare
2308 821 2751 888 teneantur
2786 833 2810 911 3
2874 822 2959 887 et
3009 797 3258 906 alias,
3320 821 3570 914 prout
3613 796 3825 883 ube·

462 913 649 1014 rius
686 928 1157 1012 continetur
1200 926 1309 1010 in'
1344 921 1605 1037 ipsius
1647 920 1991 1032 Joannis
2051 918 2413 1007 Ministri
2495 919 2923 1007 Generalis
2986 919 3240 1007 literis
3287 917 3822 1034 patentibus,

465 1043 824 1162 desuper
868 1046 1317 1152 emanatis,
1378 1072 1483 1129 ex
1527 1038 1920 1134 idiomate
1965 1037 2393 1153 hispanico
2437 1040 2526 1126 in
2576 1040 2925 1128 latinum
2972 1042 3227 1130 versis
3276 1041 3625 1146 tenoris,
3674 1038 3832 1157 qui

468 1169 840 1284 sequitur
894 1161 1345 1252 videlicet:

610 1402 953 1488 Literae
992 1399 1463 1517 potentales
1534 1400 1666 1487 M
1656 1401 1942 1484 inistt‘i
1993 1397 2436 1500 Generalis
2463 1461 2490 1507 ‚
2541 1396 2645 1482 de
2689 1400 3125 1515 hispanico
3172 1400 3268 1485 in
3334 1396 3701 1485 latinum

848 1585 857 1598 ,
1088 1516 1439 1606 ‚idioma
1512 1518 1954 1605 traductae
1981 1580 2007 1626 ,
2083 1541 2279 1608 sunt
2346 1523 2657 1606 tenoris
2729 1525 3174 1638 sequentis.
3701 1556 3725 1596 .<
3801 1583 3808 1594 .

470 1759 609 1847 Fr.
661 1756 1027 1848 Joannes
1074 1753 1183 1846 de
1218 1757 1434 1870 ‚Soto
1482 1757 1786 1846 Lector
1842 1761 1897 1849 J
1903 1761 2261 1850 ubilatus
2294 1824 2322 1869 ,
2406 1758 2881 1872 Theologus
2902 1738 2921 1829 f
2938 1760 3389 1874 Maiestatis
3436 1789 3632 1847 suae
3655 1811 3694 1864 ,·
3747 1780 3835 1847 et
3861 1768 4223 1881 Litai-negdo

596 1886 1082 1989 congressus
1131 1878 1724 1982 Immaculatae
1766 1880 2401 1996 Conceptionis‚
2451 1879 2844 1967 'Minister
2890 1877 3320 1967 Generalis
3368 1881 3617 1967 totius
3665 1879 3831 2016 Or·
3862 1860 4177 2018 ζ’ἑίξαξη

591 1997 839 2132 dinis·
867 1999 951 2083 S.
1004 1998 1105 2136 P.
1148 1997 1255 2083 N.
1295 1996 1369 2083 F
1372 2002 1715 2087 ranciscl
1738 2065 1772 2106 ,
1816 2027 1915 2091 ·et
1967 2004 2270 2091 Servus
2318 2023 2474 2088 etc.

469 2236 646 2354 RB.
682 2238 904 2325 ῬΡ.
942 2237 1631 2325 Pr'ovincialibus
1674 2206 2251 2354 praesentibm·
2324 2257 2428 2324 et·
2439 2236 2779 2356 futuris
2828 2239 3481 2325 Provinciarum
3523 2256 3844 2324 nostra·

590 2387 787 2441 rum
848 2355 1287 2444 Arabidae
1320 2421 1346 2467 ,
1410 2358 1711 2444 Sancti
1755 2358 2125 2447 Antonii
2192 2357 2657 2474 Capatior‘:
2736 2360 3098 2445 Pietatis
3134 2421 3160 2467 ,
3213 2374 3297 2441 et
3352 2360 3842 2473 Cone-cptio-

591 2480 727 2681 31⁹3
770 2474 974 2683 degi
1012 2474 1115 2565 V
1098 2482 1284 2681 {eim
1316 2540 1341 2587 ,
1403 2496 1486 2563 et
1535 2477 1884 2600 Αζγηῆο
1918 2542 1945 2586 ,
2030 2478 2391 2565 salutem
2465 2497 2548 2565 et
2586 2509 2891 2596 pacem
2939 2482 3033 2563 in
3078 2480 3454 2565 Domino
3521 2475 3841 2569 Nostro

648 2626 795 2683 esu
976 2625 1099 2682 ms
1132 2627 1207 2682 0.
1594 2645 1603 2664 ·
1704 2645 1709 2652 ·
2362 2660 2367 2666 -
2895 2634 2904 2642 ·

595 2833 1024 2942 Quoniam
1075 2835 1293 2922 inter
1341 2864 1435 2922 ea
1469 2897 1496 2943 ‚
1550 2834 1859 2955 quibus
1906 2856 2189 2922 nostra.
2235 2831 2677 2951 Seraphica
2739 2833 3061 2947 Religio
3108 2864 3395 2922 curam
3441 2857 3536 2922 et
3579 2833 3851 2923 solici-

475 2950 865 3040 tudinem
922 2957 1219 3069 majori
1301 2951 2267 3071 vigilantia.impendere
2349 2952 2606 3042 debet
2666 2958 3088 3069 potissima
3131 2959 3279 3041 'est
3335 2957 3849 3044 conservatio

455 3072 624 3158 SS.
666 3071 1155 3177 Locorum,'
1191 3074 1496 3160 Terrae
1544 3076 1893 3161 Sanctae
1937 3078 2203 3189 major
2252 3076 2531 3162 cultus
2566 3136 2593 3182 ‚
2639 3095 2731 3162 et
2758 3076 3208 3161 assistentia
3245 3073 3849 3186 Religiosorum

483 3195 577 3278 in
629 3191 789 3277 illis
838 3188 1377 3278 residentium
1416 3252 1440 3299 ‚
1504 3198 1592 3279 in
1645 3198 1885 3308 cujus
1931 3188 2191 3281 finem
2237 3225 2447 3310 opus
2494 3218 2618 3283 est
2663 3191 3063 3310 deputare
3126 3193 3577 3306 Religiosos
3610 3256 3635 3303 ,
3701 3197 3851 3315 qui

483 3341 774 3398 curam
823 3334 1240 3397 assumant
1289 3335 1375 3399 et
1426 3313 1847 3420 habeant,
1908 3312 2440 3401 eleemosinas
2488 3318 2576 3400 in
2623 3311 2851 3403 hisce
2900 3314 3205 3426 Regnis
3266 3345 3593 3402 necnon
3645 3315 3844 3401 Bra.-

480 3432 673 3537 sili,
724 3429 1277 3549 quaestuandi
1307 3495 1333 3540 ,
1394 3455 1484 3521 et
1528 3451 1663 3521 eas
1710 3465 1759 3520 a
1807 3429 2199 3520 fidelibus
2230 3497 2261 3540 ‚
2312 3456 2408 3520 ut
2453 3436 2708 3520 moris
2757 3456 2936 3539 est,
2975 3430 3473 3545 colligendi3
3535 3457 3618 3522 et
3653 3435 3854 3552 quia

482 3581 846 3671 aequum
896 3581 992 3637 ac
1041 3555 1353 3666 justum
1405 3563 1528 3641 e'st
1558 3618 1589 3658 ,
1650 3573 1749 3639 ut
1808 3582 2095 3638 omnes
2154 3575 2236 3639 et
2310 3554 2683 3667 singulae
2731 3554 3218 3641 Provinciae
3290 3555 3377 3638 in
3432 3574 3602 3640 tam
3664 3585 3853 3644 san·

483 3692 722 3759 ctum
771 3701 978 3788 opus
1028 3697 1579 3760 concurrant:
1642 3685 2167 3786 cunctarum,
2217 3667 2566 3791 quidem·
2630 3672 2894 3760 honor
2982 3695 3155 3780 est,
3223 3703 3528 3777 sacrae⁸
3580 3696 3850 3762 custo-

489 3789 680 3878 diae
712 3812 992 3909 -atque
1045 3793 1538 3881 Sanctorum
1587 3792 2005 3879 Locorum
2052 3795 2625 3901 manutentio‚
2688 3795 2777 3880 in
2828 3793 3136 3912 quibus
3185 3790 3646 3909 redemptio
3708 3823 3854 3880 no·

487 3933 656 3998 stra
704 3932 1037 4026 operata
1086 3936 1227 3998 est.
1295 3912 1508 3999 Inde
1555 3914 2113 4029 praesentium
2169 3914 2450 4023 vigore
2500 3944 2879 4024 rogamus
2908 3978 2934 4021 ‚
2989 3919 3454 4000 .11ionemus
3485 3975 3510 4022 ,
3563 3920 3648 4001 et‘
3721 3939 3855 3998 ex*

488 4030 924 4116 hortamur
972 4030 1156 4116 RR.
1186 4032 1349 4118 ΡΡ.
1400 4035 1585 4120 VV.
1637 4036 1725 4119 in
1776 4031 2229 4123 visceribus
2275 4033 2484 4120 Jesu
2529 4031 2884 4141 Christi,
2937 4063 3057 4119 -ne
3105 4062 3191 4118 se
3239 4056 3631 4120 excusent
3661 4093 3688 4139 ,
3753 4061 3851 4118 ac

474 4147 939 4235 'retrahant
1006 4152 1090 4236 in
1146 4152 1721 4268 cooperando,
1804 4176 2214 4271 quantum
2266 4154 2599 4243 valeant
2674 4151 2779 4240 ad
2851 4148 3308 4268 praefatum
3393 4149 3789 4238 effectum
3821 4213 3848 4257 ‚

496 4265 1055 4356 concedentes
1102 4301 1198 4355 ac
1266 4270 1785 4384 designantes
1835 4273 1932 4357 R.
1988 4272 2078 4356 P.
2132 4273 2713 4358 commissario
2762 4274 3066 4360 Terrae
3095 4275 3448 4358 Sanctae
3508 4271 3863 4383 Religio-

495 4390 1343 4510 sosuniuscujusque
1405 4394 1892 4482 Provinciae
1958 4416 2287 4480 nostrae
2368 4390 2475 4480 ad
2525 4395 3002 4480 instantiam
3084 4415 3168 4479 et
3241 4391 3862 4508 beneplacitum

497 4504 883 4623 ejusdem
933 4508 1026 4592 P.
1061 4507 1620 4600 Commissarii
1672 4516 1755 4599 in
1809 4536 2279 4631 quaestores
2313 4512 3021 4627 eleemosynarum
3073 4536 3245 4599 tam
3298 4515 3385 4596 in
3436 4542 3538 4598 eo
3575 4511 3864 4625 Regno

498 4639 760 4746 quam
811 4627 1097 4714 Brasili
1134 4693 1159 4738 ‚
1224 4632 1571 4754 aliisque
1618 4631 2129 4742 ditionibus,
2180 4657 2263 4720 et
2313 4630 2654 4751 quidem
2703 4639 2844 4720 eos
2882 4696 2938 4740 ‚2
2975 4635 3124 4752 qui
3173 4629 3712 4752 qualitatibus
3761 4629 3866 4718 ad

492 4747 593 4832 id
644 4751 1123 4835 necessariis
1181 4776 1271 4837 ,et
1340 4756 1827 4870 opportunis
1898 4754 2068 4838 sint
2129 4753 2539 4870 praediti,
2618 4756 2739 4864 uti
2793 4752 3162 4840 'dezelo
3214 4776 3297 4838 et
3346 4752 3867 4865 religiositate

496 4867 667 4950 ΡΡ.
719 4868 909 4953 VV.
962 4868 1382 4963 confidere
1430 4873 1858 4967 dehemus.
1927 4873 2262 4981 Quibus
2309 4898 2738 4991 paternam
2787 4895 3150 4960 nostram
3197 4869 3866 4988 benedictionem

502 4989 1051 5100 impertimur-2
1136 5001 1143 5012 '
1334 5041 1343 5054 -
1408 4993 1487 5072 ,Ὗ
2600 5061 2607 5070 .
2797 5063 2804 5070 .

630 5105 943 5191 Datum
997 5112 1082 5194 in
1134 5109 1295 5197 hoc
1348 5131 1625 5197 nostro
1675 5109 2126 5202 Conventu
2188 5111 2467 5201 Sancti
2518 5112 2935 5199 Francisoi
2981 5109 3296 5199 Matriti
3348 5110 3485 5198 die
3543 5108 3673 5196 18.
3728 5107 3872 5195 Se-

499 5225 912 5342 ptembris
971 5231 1217 5344 1733.

1368 5431 1371 5434 .
2024 5352 2161 5437 Fr.
2213 5351 2572 5438 Joa‘nnes
2626 5351 2821 5441 Soto
2871 5350 3248 5438 Minister
3299 5346 3748 5438 Generalis.

631 5466 765 5556 De
816 5467 1207 5559 mandato
1261 5471 1339 5557 S.
1379 5470 1471 5554 P.
1527 5468 2290 5562 Reverendissimae
2341 5472 2479 5557 Fr.
2530 5470 2903 5561 Didacus
2967 5473 3308 5586 Spinosa
3377 5471 3876 5561 Secretarius

509 5587 946 5678 Generalis
1000 5591 1368 5680 Ordinis.
3551 5631 3556 5638 ·

2695 5711 2900 5799 Ma
