4834 6409
1093 525 1618 761 vet4aliqu0d
1667 637 1739 723 ei
1796 634 2385 740 mittere,.nec
2438 654 2803 745 vocetur·
2844 628 2951 718 ad
3020 627 3362 750 aliquod
3412 627 3783 719 officium
3856 629 3944 735 in
4020 624 4395 724 Ecclesia
4448 698 4477 738 ,

1090 765 1226 855 vel
1278 767 1374 849 in.
1417 758 1719 845 Choro-
1787 755 2075 843 Mensa
2129 778 2484 871 ponatur
2533 751 2805 841 eidem
2852 756 3359 871 sequestrata
3399 817 3423 859 ,
3479 785 3587 840 ne
3635 784 3828 838 cum
3898 749 4077 838 aliis
4124 748 4475 838 commiss

1094 909 1437 973 sceatur.
1491 881 1858 967 Demum
1909 878 2263 993 privatio
2309 876 2932 982 vociszactivae,
2999 898 3082 962 et
3146 878 3513 990 passivae
3571 877 3658 959 in
3722 875 4000 961 stricta
4049 867 4315 955 forma
4371 872 4477 962 ad

1096 1008 1412 1126 aliquos
1491 1031 1747 1089 annos
1832 1002 2335 1115 injungatur.
2401 995 2533 1081 Ex
2603 995 3044 1112 praedictis
3095 1020 3371 1081 autem
3450 999 3743 1112 poenis
3808 993 4202 1109 Superior
4281 1022 4476 1083 cum

1097 1126 1444 1215 consilio
1491 1126 1912 1209 seniorum
1963 1120 2303 1207 Patrum
2352 1116 2587 1233 plura
2627 1181 2652 1225 ,
2709 1118 2840 1205 vel
2889 1120 3280 1234 pauciora
3332 1179 3356 1223 ,
3424 1117 3803 1229 longius,
3870 1113 4009 1206 vel
4060 1112 4401 1203 brevius
4452 1134 4478 1226 ,'

1109 1255 1336 1367 juxta
1391 1246 1724 1360 culpam
1772 1242 2246 1331 Poenitenti
2293 1242 2690 1353 imponat.
3118 1266 3127 1273 ·
4418 1246 4423 1250 ’
4464 1244 4471 1249 ’

2475 1477 2545 1564 C
2612 1481 2683 1564 A
2757 1480 2846 1564 P.
2958 1408 3111 1566 ’V1.

2034 1728 2171 1812 De
2216 1726 2730 1844 gravissima
2788 1720 3074 1837 culpa,
3134 1742 3215 1806 et
3256 1753 3552 1838 poena.

1232 1976 1733 2065 Gravissima
1799 1968 2048 2082 culpa
2101 1989 2246 2053 est.
2304 1964 2369 2049 Ι.
2442 1966 2525 2051 Si
2590 1967 2774 2082 quis
2824 1962 3250 2070 Heresim‚
3302 1990 3445 2053 aut
3494 1964 3863 2053 Schisma
3917 1995 4203 2060 contra
4239 2002 4487 2081 unam

1111 2098 1499 2183 Sanctam
1554 2092 2068 2180 Catholicam
2110 2152 2137 2195 ,
2193 2110 2278 2174 et
2325 2086 2889 2201 Apostolicam
2947 2086 3412 2174 Ecclesiam
3445 2150 3453 2159 -
3488 2110 3820 2175 secutus
3884 2083 4191 2199 suerit,
4256 2115 4398 2177 aut
4446 2125 4488 2178 a

1110 2214 1320 2302 Fide
1371 2214 1837 2301 Christiana
1913 2207 2333 2297 defecerit.
2401 2209 2487 2296 Si
2542 2206 2648 2292 ab
2699 2202 3017 2292 Ordine
3091 2224 3370 2293 nostro
3418 2232 3603 2323 post
3664 2203 4254 2325 professionem
4302 2245 4493 2329 apo·
4556 2244 4567 2249 ·

1111 2342 1532 2426 stataverit
1567 2400 1592 2444 ,
1644 2334 1983 2422 dimisso
2020 2394 2045 2438 ,
2102 2330 2238 2420 vel
2290 2350 2613 2413 retento
2666 2324 2983 2413 habitu.
3054 2327 3206 2412 ΙΙΙ.
3275 2329 3359 2414 Si
3431 2332 3616 2449 quis
3686 2338 4272 2446 proprietarius
4320 2332 4493 2421 sue-

1109 2462 1218 2546 rit
1268 2461 1350 2541 in
1403 2460 1783 2573 pecunia,
1837 2453 2114 2557 libris,
2168 2447 2594 2553 vestibus,
2650 2470 2797 2532 aut
2842 2478 2931 2534 re
2980 2448 3135 2534 alia
3189 2455 3462 2560 magni
3515 2458 3920 2539 momenti
3968 2520 3994 2563 ,
4073 2477 4242 2543 tam
4294 2457 4496 2542 reci·
4580 2475 4587 2479 ’

1111 2577 1476 2696 piendo,
1530 2609 1781 2697 quam
1834 2571 2139 2679 dando,
2194 2569 2326 2657 vel
2379 2564 2847 2654 alienando.
2912 2567 3059 2653 IV.
3117 2569 3202 2655 Si
3238 2574 3424 2689 quis
3484 2576 3839 2685 graviter
3890 2575 4296 2684 Fratrem,
4360 2577 4494 2661 vel

1114 2724 1595 2787 extraneum
1666 2723 2259 2817 quemcunque
2307 2692 2808 2804 percusserit
2843 2753 2867 2797 ,
2921 2712 3008 2776 et
3074 2690 3373 2776 leviter
3423 2698 3670 2779 etiam
3733 2695 4260 2810 Superiorem
4296 2759 4322 2805 ,
4376 2693 4500 2782 id-

1116 2852 1283 2938 que
1333 2825 1539 2907 irato
1589 2825 1891 2906 animo,
1957 2815 2063 2898 V.
2120 2816 2203 2898 Si
2257 2813 2445 2929 quis
2500 2810 2879 2919 Sigillum
2946 2809 3509 2899 Confessionis
3557 2812 3916 2927 fregerit.
3954 2816 4106 2901 VI.
4173 2818 4263 2903 Si
4315 2820 4498 2957 quis

1113 2942 1389 3029 literas
1453 2945 1792 3028 nomine
1842 2936 2198 3023 Abbatis
2247 2929 2708 3036 Generalis,
2772 2931 3457 3044 Hegumenorum
3498 2998 3523 3041 ,
3572 2937 3933 3024 ‘Abbatis
3982 2937 4498 3050 Provinciae,

1110 3062 1247 3149 vel
1297 3062 1776 3149 Monasterii
1818 3121 1864 3165 ‚.
1895 3081 2042 3143 aut
2089 3050 2486 3141 Monachi
2550 3049 2904 3167 alicujus
2955 3115 2980 3158 ,
3064 3054 3201 3141 vel
3258 3053 3865 3143 Monaehorum
3934 3054 4424 3145 confinxerit
4472 3072 4499 3165 3

1115 3185 1290 3270 sive
1342 3214 1474 3268 eas
1529 3183 1812 3293 Sigillo
1865 3175 2151 3263 Officii
2205 3238 2250 3281 „
2299 3195 2446 3258 aut
2520 3169 2942 3282 dignitatis
2976 3235 3005 3281 ,
3084 3177 3217 3263 vel
3266 3204 3664 3289 personae
3727 3177 4182 3266 firmaverit
4229 3241 4254 3286 ,
4334 3182 4501 3265 sive

1117 3303 1594 3395 non.,1tem
1649 3303 1799 3419 qui
1847 3301 2120 3385 literas
2188 3292 2294 3382 ad
2346 3292 2765 3383 Abbatem
2833 3293 3330 3384 Generalem
3369 3357 3395 3400 ,
3459 3321 3606 3384 aut
3683 3298 4218 3413 Hegumenos
4293 3296 4506 3387 dire-
4598 3294 4611 3303 ”

1121 3443 1289 3509 ctas
1351 3421 1934 3537 interceperit,
1985 3440 2130 3504 aut
2179 3417 2647 3530 aperuerit,
2701 3439 2789 3502 et
2848 3416 3162 3528 legerit.
3224 3416 3415 3503 VII.
3486 3420 3574 3505 Si
3643 3422 3830 3539 quis
3894 3417 4423 3507 Veneficium
4468 3458 4505 3526 ς,

1122 3544 1777 3630 Incantationem
1809 3603 1834 3649 ,
1888 3538 2416 3647 Sortilegium
2454 3595 2478 3639 ‚
2541 3533 3213 3648 Necromantiam
3250 3601 3275 3646 ,
3355 3563 3503 3627 aut
3548 3566 4175 3661 quamcumque
4256 3541 4504 3629 aliam

1123 3662 1458 3751 Diaboli
1529 3665 2138 3750 invocationem
2190 3657 2668 3744 exercuerit.
2722 3657 2960 3743 VIII.
3032 3658 3121 3743 Si
3173 3662 3359 3778 quis
3436 3662 3873 3775 publicum
3937 3661 4420 3748 scandalum
4478 3687 4503 3769 ,'

1120 3785 1258 3874 vel
1309 3780 1731 3872 infamiam
1806 3812 2136 3895 gravem
2207 3774 2513 3862 Ordini
2590 3774 2880 3867 fecerit
2954 3809 3103 3893 per
3164 3779 3695 3869 manifestum
3774 3786 4092 3899 lapsum
4170 3788 4509 3890 carnis,

1124 3909 1730 4025 cujuscumque
1780 3905 2079 4018 speciei
2130 3900 2258 3984 sit.
2317 3896 2469 3979 lX.
2524 3898 2612 3981 Si
2684 3901 2870 4015 quis
2919 3900 3278 4012 maligne
3324 3905 4020 4017 conspirationem
4098 3906 4188 3988 in
4242 3907 4513 4018 Supe⁵

1121 4029 1427 4113 riorem
1478 4057 1724 4113 suum
1777 4023 2295 4112 machinatus
2342 4016 2616 4104 fuerit.
2670 4019 2783 4103 X.
2841 4022 2926 4106 Si
2979 4023 3163 4138 quis
3210 4022 3893 4131 machinationes,
3928 4048 4012 4112 et
4067 4023 4508 4112 schismata

1126 4145 1230 4234 ad
1296 4145 1944 4237 destructionem
1982 4208 2007 4251 ,
2072 4141 2204 4230 vel
2261 4137 2765 4227 divisionem
2818 4138 3164 4226 Ordinis
3196 4150 3734 4239 ‘attentaverit
3768 4147 4003 4253 ,XL
4064 4147 4151 4230 Si
4204 4150 4391 4263 quis
4462 4181 4507 4231 a

1128 4271 1665 4384 Superiorum
1718 4268 2119 4355 sententia
2172 4258 2278 4348 ad
2326 4261 3301 4369 Tribunaliasaecularia
3352 4267 3796 4381 appellare,
3863 4276 4007 4354 aut
4058 4264 4507 4378 confugere

1126 4420 1373 4474 ausus
1407 4386 1695 4477 suerit.
1785 4384 2042 4497 Quod
2092 4386 2159 4470 si
2229 4382 2335 4466 ab
2388 4382 2729 4468 Abbate
2772 4387 3086 4494 gravari
3136 4414 3227 4469 se
3278 4386 3865 4500 praetenderit,
3916 4387 4018 4475 ad
4075 4386 4499 4473 Abbate'rn

1130 4510 1654 4614 Generalem,
1708 4531 1851 4593 aut
1900 4504 2006 4591 ad
2058 4505 2802 4614 Congregationem
2886 4504 3615 4615 Hegumenoru-m,
3647 4509 3819 4595 ·vel
3870 4508 3975 4594 ad
4040 4506 4513 4622 Congrega·

1129 4633 1445 4716 tionem
1504 4628 2000 4714 Generalem
2052 4647 2440 4713 recurrat.
2484 4623 2599 4708 Et
2646 4625 2711 4707 si
2765 4621 3040 4711 adhuc
3088 4625 3197 4709 ab
3233 4624 3359 4711 his
3409 4627 3961 4742 praetenderit
4020 4663 4109 4720 se
4158 4632 4510 4741 gravari,

1130 4779 1552 4842 recurrere
1603 4752 1906 4863 poterit
1963 4745 2069 4833 ad
2147 4745 2704 4830 Patriarcham
2747 4804 2770 4848 ,
2845 4766 2989 4831 aut
3044 4745 3510 4833 Romanum
3593 4748 4108 4837 Pontificem.
4167 4750 4366 4835 XII.
4426 4754 4517 4836 Si

1127 4872 1312 4992 quis
1365 4868 1776 4956 Ordinem
1810 4869 2172 4987 aliquem
2224 4865 2903 4952 Ecclesiasticum
2956 4869 3131 4950 sine
3183 4870 3718 4978 Superiorum
3774 4866 4109 4960 licentia
4148 4873 4253 4957 ab
4304 4860 4516 4986 Epi-

1121 5023 1371 5105 scopo
1422 4991 1887 5106 acceperit,
1969 5012 2113 5074 aut
2174 4992 2351 5072 sine
2405 4988 2734 5072 licentia
2799 4987 3192 5101 Episcopi
3274 4988 3694 5076 ordinarii
3761 5014 4007 5078 ausus
4044 4990 4517 5079 fuet-irad·

1126 5113 1579 5202 saeculares
1630 5113 2131 5213 concionari,
2183 5139 2470 5193 eorum
2525 5106 3103 5194 Confessiones
3154 5106 3482 5216 audire,
3564 5145 3607 5196 a
3675 5114 3997 5198 casibus
4051 5112 4553 5200 Ordinatio·

1133 5238 1555 5322 reservatis
1602 5235 1921 5338 sciens,
1955 5253 2058 5318 ·et
2117 5229 2402 5315 voleus
2470 5228 2667 5313 illos,
2705 5229 3129 5315 absolvere
3161 5291 3185 5337 ,
3239 5253 3384 5316 aut
3430 5223 3983 5319 -Sacramenta‘
4033 5237 4423 5350 Baptismi
4482 5296 4506 5337 ,

1127 5352 2056 5442 Extremae-Unctionis
2087 5414 2114 5455 ,
2179 5348 2307 5435 vel
2360 5351 2869 5436 Matrimonii
2924 5347 3554 5461 administrare,⁸
3611 5385 3778 5439 uno
3834 5358 4091 5442 verbo
4142 5346 4512 5441 ministe-

1131 5482 1245 5564 ria
1321 5471 1663 5560 Parochi
1716 5474 1970 5560 obire.
2038 5468 2601 5557 Pro'talibus.
2646 5472 3206 5579 criminibus,
3273 5477 3864 5559 cumconsilio
3934 5478 4316 5561 Fratrum
4386 5474 4514 5561 se'·

1130 5602 1520 5701 niorum,
1586 5617 1905 5708 praeter
1976 5622 2275 5706 poenas
2341 5595 2732 5702 gravioris
2801 5591 3151 5704 culpae·,
3221 5592 3411 5681 reus
3484 5599 3858 5708 privetur
3934 5598 4358 5703 Cucullo,
4398 5620 4508 5683 'et

1133 5718 1460 5804 Corona
1498 5779 1525 5824 ,
1577 5738 1660 5803 et
1725 5717 1811 5799 in
1874 5714 2166 5803 cellam
2220 5739 2645 5833 tanquam.
2683 5716 2767 5798 in
2836 5743 3244 5801 carcerem
3332 5712 3886 5825 detrudatur,
3953 5718 4058 5802 ab
4121 5720 4508 5804 omnium
