4834 6409
1156 431 1329 520 328
1739 426 1816 483 Ψ

1155 552 1487 640 nasterii
1535 549 1982 661 spectantia
2016 611 2045 649 ‚
2109 549 2189 632 in
2247 547 2576 663 publica
2630 544 2905 645 forma·³
2939 545 3314 651 redacta,
3377 548 3462 632 iu
3513 550 3733 634 Arca
3781 546 3915 633 vel
3983 548 4064 632 in
4117 543 4467 634 Archivio

1161 675 1583 758 communi
1626 690 2123 781 reponantur
2157 667 2310 753 sub
2365 665 2677 782 duplici
2732 670 2987 775 clave,
3020 692 3115 753 ut
3157 700 3426 782 supra.
3480 667 3669 751 Vll.
3715 666 4274 786 Quaecunque
4318 667 4473 752 Mo-

1160 791 1429 877 nacho
1479 785 1837 902 professo
1888 785 2354 892 donantur,
2422 791 2592 875 siVe
2642 819 2739 872 ex
2787 786 3288 873 haereditate
3340 789 3867 900 proveniunt,
3939 811 4096 871 tam
4144 785 4469 885 mobilia,

1163 942 1413 1027 quarn
1467 905 1912 992 immobilia
1944 969 1973 1011 ,
2027 909 2302 991 omnia
2356 908 2859 993 Monasterio
2907 911 3233 1010 statim,
3299 928 3385 992 et
3431 908 3607 991 sine
3657 903 4054 992 dilatione
4101 907 4479 1020 applicen-

1159 1051 1341 1113 tur:
1412 1061 1606 1111 usus
1659 1051 1929 1109 tamen
1985 1027 2446 1141 aliquarum
2502 1058 2773 1111 rerum
2814 1088 2837 1131 ,
2895 1052 2988 1111 ut
3042 1023 3435 1109 librorum
3476 1087 3500 1130 ,
3555 1027 3627 1109 ei
3681 1023 4024 1111 concedi
4076 1028 4357 1140 poterit
4402 1052 4487 1107 ex

1156 1148 1498 1235 licentia
1575 1145 1945 1248 Abbatis‚
2000 1148 2105 1228 ita
2174 1169 2505 1252 tamen,
2577 1170 2671 1230 ut
2727 1177 2821 1230 ex
2871 1178 2969 1233 eo
3022 1178 3169 1229 usu
3216 1168 3658 1259 paupertas
3713 1144 4078 1255 religiosa
4129 1174 4286 1231 non
4343 1142 4486 1224 Iae-

1160 1268 1456 1371 datur‚
1514 1295 1784 1379 neque
1832 1270 2376 1350 murmuratio
2411 1328 2435 1371 ,
2492 1289 2633 1349 aut
2685 1266 3127 1353 aemulatio
3176 1268 3259 1349 iu
3313 1267 3605 1349 ceteris
3654 1261 4078 1351 Fratribus
4158 1264 4488 1349 oriatur.

1151 1387 1387 1468 VIII.
1463 1386 2021 1467 Inventarium
2077 1384 2487 1469 bonorum
2541 1409 2709 1473 tam
2758 1384 3190 1471 mobilium
3226 1442 3250 1485 ‚
3314 1413 3567 1499 quam
3619 1382 4167 1475 immobilium
4217 1385 4296 1466 in
4344 1411 4495 1467 om·

1161 1507 1405 1590 nibus
1477 1504 1991 1586 Monasteriis
2060 1499 2411 1589 fideliter
2448 1567 2471 1608 ‚
2540 1527 2622 1589 et
2692 1528 3089 1589 accurate.
3132 1502 3631 1612 descriptum
3678 1505 3797 1584 ‘in
3877 1500 4264 1588 Ambivio
4322 1530 4541 1611 cons

1150 1647 1526 1710 servetur
1562 1686 1586 1726 ‚
1653 1645 1737 1705 et
1788 1653 2049 1704 unum
2119 1623 2338 1707 illius
2420 1623 2829 1734 exemplar
2910 1621 3499 1715 ‹ad-Abbatem
3558 1622 4049 1709 Generalem
4103 1608 4521 1706 mittatur-‘¹

1161 1743 1370 1828 Item
1443 1742 1834 1825 habeatur
1905 1741 2468 1825 Inventarium
2548 1772 2895 1827 onerum
2958 1746 3128 1825 sive
3194 1742 3787 1855 obligationum
3853 1770 4043 1849 erga
4121 1736 4503 1825 Fundato·

1115 1858 1342 1965 vreS,
1408 1885 1490 1945 et
1557 1856 2126 1944 Benesactores
2163 1923 2185 1964 ,
2252 1885 2416 1945 tam
2485 1865 2709 1947 vivos
2747 1924 2770 1966 ‚
2838 1891 3087 1978 quam
3156 1858 3642 1964 defunctos,
3704 1860 4031 1977 quibus·
4082 1858 4354 1943 Abbas
4396 1890 4504 1942 sa·

1162 1980 1441 2065 tisfieri
1496 1977 1927 2086 diligenter
1977 2004 2234 2063 curet.
2305 1980 2456 2062 IX.
2526 1982 3013 2065 Monasteria
3071 2003 3335 2067 nostra
3390 1982 3494 2067 ita
3546 1982 3711 2063 sint
3774 1981 4139 2067 invicem
4190 1982 4508 2092 conjun-

1160 2123 1287 2185 cta
1326 2160 1349 2205 ,
1420 2123 1510 2183 ut
1578 2097 1965 2182 Monachi
2016 2102 2329 2211 possint
2378 2163 2402 2206 ‚
2473 2099 2820 2184 Abbatis
2871 2100 3295 2184 Generalis
3346 2099 3737 2201 arbitrio,
3800 2127 3899 2203 ex
3952 2128 4128 2185 uno
4190 2100 4275 2179 in
4337 2097 4509 2181 alte·

1167 2251 1350 2303 rum
1406 2219 1661 2303 libere
1718 2215 2198 2320 transferri,
2263 2244 2343 2304 et
2393 2219 2905 2334 ubicumque
2968 2221 3035 2302 is
3085 2219 3442 2307 voluerit
3476 2280 3500 2322 ,
3566 2215 3671 2300 ad
3722 2241 4053 2328 tempus
4080 2279 4112 2319 ‚
4175 2215 4307 2302 vel
4354 2245 4510 2328 per·

1155 2362 1411 2450 petuo
1461 2337 1867 2421 collocari.
1934 2336 2143 2448 Ejus
2196 2360 2462 2425 tamen
2523 2334 3006 2451 prudentiae
3068 2339 3277 2439 erit,
3341 2359 3430 2419 ut
3488 2367 3653 2429 non
3696 2363 4027 2425 'temere
4094 2332 4513 2421 Monachus

1162 2459 1278 2541 sic
1356 2452 1784 2541 transferat
1821 2517 1844 2560 ,
1908 2453 2050 2539 sed
2113 2455 2387 2541 habita
2458 2460 2770 2541 ratione
2840 2457 3328 2541 necessitatis
3383 2454 3980 2541 Monaohorum
4034 2516 4062 2559 ‚
4128 2477 4213 2539 et
4258 2452 4516 2537 Mona·-

1165 2579 1600 2660 steriorum
1653 2636 1675 2681 2
1741 2598 1823 2657 et
1877 2577 2267 2659 consultis
2336 2580 2616 2687 prius,
2681 2579 2746 2657 si
2797 2571 2971 2661 fieri
3040 2579 3331 2688 poterit
3386 2637 3416 2675 ,
3476 2596 3622 2658 aut
3682 2571 4073 2687 expedire
4119 2570 4512 2686 judicave-

1169 2697 1278 2778 rit
1312 2758 1335 2798 ,
1400 2692 1928 2799 Abbatibus,
1982 2698 2125 2807 qui
2211 2694 2521 2778 debent
2573 2696 2838 2804 Ipsum
2891 2693 2995 2778 de
3061 2717 3272 2785 statu
3320 2725 3659 2777 suorum
3714 2691 4317 2787 Monach'orum
4366 2753 4390 2795 ‚
4435 2720 4516 2773 ac

1164 2812 1853 2921 Monasteriorum
1895 2816 2319 2899 certiorem
2372 2811 2661 2901 facere.
2723 2812 2959 2901 Bona·
2996 2842 3191 2911 vero
3247 2812 3607 2914 mobilia,
3661 2835 3803 2897 aut
3855 2812 4313 2898 immobilia
4362 2811 4521 2895 uni-

1173 2964 1270 3015 us
1318 2932 1788 3029 Monasterii
1869 2928 1973 3014 ad
2043 2933 2393 3015 alterum
2452 2960 2913 3045 nequaqam
2978 2927 3633 3033 transferantur,
3695 2934 4047 3029 maxime
4094 2933 4163 3015 si
4215 2960 4258 3015 a
4322 2928 4523 3015 Fun·

1171 3047 1600 3135 datoribus
1649 3082 1738 3132 ea
1805 3046 2111 3133 fuerint
2162 3073 2385 3134 certo
2439 3049 2631 3132 loco.
2668 3052 3059 3158 assignata
3099 3083 3127 3128 ε-
3178 3046 3333 3147 ⁸sed
3395 3079 3608 3164 quae
3659 3047 4273 3137 monachorum
4321 3046 4523 3135 laho-

1174 3200 1317 3273 re,
1369 3171 1500 3255 vel
1551 3200 1644 3252 ex
1699 3166 3069 3277 haereditate·Consanguineorum
3106 3228 3128 3271 ‚
3183 3192 3320 3251 aut
3372 3166 3817 3255 donatione
3866 3171 4322 3259 amicorum
4374 3167 4528 3251 cui-

1176 3318 1424 3402 quam
1488 3317 1773 3393 eorum
1826 3282 2063 3390 facta,
2131 3284 2235 3370 ad
2296 3287 2769 3373 Monasterii
2826 3285 3137 3383 reditus
3190 3291 3700 3393 accesserint„
3767 3312 3859 3372 ut
3908 3289 4219 3399 poterit
4269 3286 4525 3370 Abbas

1178 3406 1603 3491 Generalis
1655 3406 2271 3491 necessitatibus
2322 3408 3005 3493 Monasteriornm
3059 3403 3613 3515 indigentium
3660 3406 4119 3520 prudenter
4170 3405 4532 3495 subveni-

1171 3556 1319 3633 re3
1386 3528 1499 3609 sic
1552 3548 1822 3610 tamen
1875 3586 1900 3628 ,
1958 3546 2047 3606 ut
2121 3525 2486 3609 Abbates
2548 3530 3057 3623 occasionem
3115 3522 3310 3609 inde
3384 3554 3544 3611 non
3613 3530 4005 3638 arripiant
4055 3525 4534 3614 Mona-steria

1175 3675 1321 3726 sua
1372 3643 1879 3753 negligenter
1947 3640 2590 3745 administrandi.
2654 3644 2773 3745 ‚X-
2824 3644 2951 3743 :Si
3029 3644 3313 3743 Abbas
3367 3647 3917 3754 experimento
3980 3647 4529 3759 compererit,

1177 3791 1704 3879 quemquam·
1759 3791 2092 3845 suorum
2157 3761 2758 3867 Monachorum
2810 3826 2847 3875 ‚¹
2918 3760 3349 3863 vcl‚Coeli
3435 3764 4046 3853 inclementiam
4124 3763 4334 3851 serre
4385 3794 4533 3849 nnn

1103 3884 1112 3889 i
1179 3910 1411 3993 posse
1449 3943 1472 3984 ‚
1523 3882 1662 3966 ‘vel
1709 3880 1862 3963 alia
1915 3910 2412 3997 quacunque
2463 3880 2567 3966 de
2619 3914 2855 3969 causa
2904 3882 3476 3979 communitati
3526 3881 3965 3995 expedire,
4038 3909 4137 3967 ut
4189 3881 4381 3969 inde
4426 3881 4535 3967 di·

1178 3996 1457 4085 scedat
1490 4063 1518 4101 ,
1584 4023 1665 4084 et
1713 3996 1819 4082 ad
1867 3995 2096 4109 aliud
2169 3999 2760 4085 Monasterium
2824 3998 3434 4111 proficiscaturq
3504 3998 3609 4087 de
3661 4004 4021 4094 consilio·
4068 4006 4535 4115 Congu-ega·-

1181 4122 1421 4204 tionis
1473 4115 2071 4227 Monachorum
2130 4117 2551 4203 Abbatum
2608 4119 3095 4217 Generalem
3148 4114 3634 4225 admoneat,
3700 4122 3842 4238 qui
3920 4122 4159 4211 illum
4215 4156 4363 4239 pro
4409 4149 4537 4207 sua

1179 4234 1612 4349 prudentia
1687 4234 1790 4320 ad
1839 4234 2066 4319 aliud
2120 4237 2707 4347 Monasterium
2765 4240 3106 4348 migrare
3157 4236 3508 4352 jubebit.
3577 4241 3659 4322 si
3716 4249 4040 4331 ‚vero‘in
4101 4249 4531 4362 longinqua

1180 4359 1513 4463 regione
1563 4352 1897 4456 fuerint,
1940 4358 2048 4439 ita
2115 4377 2207 4438 ut
2258 4355 2539 4453 Abhas
2590 4355 3013 4465 Generalis
3078 4358 3388 4445 consuli
3458 4383 3824 4469 tempore
3883 4392 4357 4476 opportuno
4404 4394 4532 4447 ne-

1177 4475 1637 4588 quieverit3
1707 4496 1903 4556 tunc
1981 4471 2263 4557 Abbas
2333 4504 2736 4561 consensu
2806 4476 3481 4587 congregationis
3549 4480 4150 4569 Monachorum
4232 4487 4535 4568 mittere

1174 4594 1478 4703 poterit
1520 4588 2023 4675 Monachum
2091 4621 2276 4673 cum
2353 4593 2603 4679 literis
2679 4592 2783 4677 ad
2853 4595 3262 4680 Abbatem
3314 4592 4077 4718 Generalemdqui
4158 4603 4393 4684 illum
4458 4605 4533 4681 in

1174 4708 1736 4825 quodcunque
1788 4710 2143 4793 voluerit
2190 4709 2777 4797 Monasterium
2848 4713 3299 4800 transferat.
3378 4716 3569 4801 Sive
3616 4744 3896 4805 autem
3966 4722 4076 4805 ob
4130 4720 4539 4805 infirmita-

1181 4851 1369 4931 tem,
1401 4832 1571 4911 sive
1622 4828 1731 4912 ol>
1800 4858 2086 4939 pravos
2136 4858 2399 4912 mores
2436 4827 2830 4915 ‘dimissus
2865 4830 3107 4916 fuerit
3143 4834 3631 4939 Monachus,
3673 4842 3949 4927 omnia
3998 4871 4211 4958 quae
4252 4838 4353 4923 ad
4392 4844 4531 4924 iter

1179 4949 1621 5031 necessaria
1675 4970 1945 5046 erunt,
2013 4977 2301 5055 magna
2370 4947 2779 5033 charitatis
2833 4946 3421 5060 significatione
3492 4957 4223 5047 subministrentur
4274 4959 4379 5042 ab
4440 4989 4528 5042 eo

1177 5067 1728 5166 Monasterio,
1797 5063 2016 5147 unde
2067 5062 2532 5150 dimittitur.
2604 5070 2682 5153 Si
2739 5101 2943 5153 vero.
2984 5073 3062 5153 in
3136 5073 3662 5161 commodum
3700 5139 3722 5178 ‚
3791 5100 3872 5163 et
3929 5082 4366 5163 utilitatem
4436 5076 4540 5161 al·

1179 5188 1430 5268 terius
1483 5184 1956 5268 Monasterii
2008 5187 2407 5294 mittitur3
2477 5188 2693 5271 illius
2743 5191 3211 5299 sumptibus
3262 5217 3343 5277 et.
3392 5199 3756 5303 expensis
3812 5202 4206 5283 mittetur.
4285 5195 4541 5281 Cave·

1177 5327 1314 5386 ant
1359 5327 1660 5387 tamen
1723 5300 2195 5416 frequentes
2249 5304 2848 5391 Monachorum
2930 5309 3543 5415 translationes,
3618 5344 3717 5397 ne
3771 5299 4286 5403 Monosteriis
4355 5346 4539 5401 one·

1173 5427 1281 5505 ris
1330 5425 1543 5528 sint·;
1613 5452 1761 5509 nec
1813 5422 2003 5505 illas
2050 5425 2225 5508 sine
2280 5428 2752 5509 necessitate
2814 5423 2993 5511 fieri
3042 5433 3542 5539 permittant.
3610 5431 3766 5515 xl.
3809 5433 4545 5540 Quemadmodum

1167 5542 1373 5628 nulli
1424 5540 2045 5627 Monachorum
2099 5542 2290 5629 licet
2335 5540 2723 5631 recedere
2770 5542 2879 5631 ad-
2925 5545 3425 5653 Mona-sterio
3458 5615 3489 5657 ,
3553 5556 3635 5635 in
3690 5582 3860 5668 quo
3908 5580 4053 5668 per
4118 5554 4549 5641 Abbatem
