4834 6409
1092 494 1143 559 ι
1208 465 1269 555 6
3916 535 3920 539 .

1081 492 1340 671 »tisis
1387 573 1597 667 fines
1646 576 2181 667 abstinebunt
2205 640 2237 684 ,
2274 576 2464 673 ‘illis
2519 576 2892 676 contenti
2921 638 2953 684 ‚
3014 604 3228 695 quae
3278 604 3424 694 per
3467 576 3845 681 homines
3892 567 4454 667 affectionum

1080 700 1548 835 irrequisito
1631 730 1728 786 ex
1776 701 2110 815 proprio
2160 720 2453 804 motu,
2515 722 2601 796 et
2647 698 3076 795 voluntate
3123 695 3230 793 nd
3277 721 3596 814 portam
3647 693 4130 785 afferentur:
4190 686 4447 801 Quod

1081 845 1365 910 tamen
1439 819 1547 907 ad
1630 850 1917 908 eorum
1981 818 2353 912 locorum
2404 840 2730 915 curatos
2791 848 2960 913 uon
3024 817 3641 917 extendendum
3675 880 3701 924 ,
3772 846 4026 925 casu,
4090 841 4262 930 quo
4328 809 4454 901 illi

1079 941 1615 1039 Missionarlis
1679 944 1922 1027 Sacra
1985 938 2396 1056 quaedam
2459 938 2806 1051 legenda
2872 936 3343 1057 relinquere
3361 1003 3399 1045 ,
3457 963 3545 1037 et
3597 959 4028 1055 propterea
4109 963 4171 1023 s·
4241 928 4450 1023 clee-

1075 1091 1525 1176 mosynam.
1563 1063 1977 1175 porrigere
2029 1060 2476 1153 volueriut.
3261 1152 3266 1157 ,

1193 1178 1485 1269 Nono,
1533 1179 2032 1267 Prohibetur
2096 1176 2386 1271 iisdem
2453 1179 2987 1276 Missionariis
3019 1243 3045 1287 ,
3112 1208 3224 1269 ne
3272 1180 3474 1275 citra
3551 1175 4025 1269 facultatem
4093 1203 4137 1258 a
4189 1166 4451 1259 Nobis

1076 1305 1515 1415 expetitam
1576 1308 1887 1418 (quam
1938 1314 2213 1390 tamon
2264 1303 2417 1393 nisi
2471 1330 2569 1393 cx
2617 1301 2844 1411 gravi
2894 1298 3554 1397 consideratione
3615 1295 3847 1385 haud
3906 1292 4150 1383 facile
4198 1285 4450 1378 dene-

1073 1422 1506 1537 gabimus)
1561 1445 1782 1507 extra
1833 1422 2331 1532 assignatum
2380 1417 2848 1515 districtum
2900 1423 3194 1540 quavis
3236 1451 3337 1513 ex
3384 1450 3620 1515 causa
3673 1449 3762 1507 se
3796 1411 4278 1515 conferant,
4320 1410 4449 1500 vel

1074 1541 1539 1631 absentent.
1602 1540 1682 1625 E
1735 1543 2146 1627 contrario

1189 1660 1569 1750 Decimo.
1637 1660 2035 1746 Liberum
2086 1662 2189 1745 sit
2236 1658 2498 1749 Nobis
2533 1723 2562 1768 ,
2609 1691 2707 1751 ac
2756 1663 3050 1751 nostris
3096 1663 3182 1749 in
3220 1657 3954 1774 Archiepiscopatu
4009 1652 4436 1741 Successo-

1070 1779 1304 1878 ribus
1351 1781 1643 1905 quavis
1701 1783 1884 1867 vioe
1934 1780 2135 1865 alios
2184 1786 2787 1897 cujuscumque
2837 1779 3179 1867 Ordinis
3227 1781 3783 1867 Missionarios
3837 1775 4154 1862 Zellam
4193 1835 4219 1879 ,
4285 1773 4446 1862 Ta·
4501 1812 4510 1820 ·

1066 1899 1533 1989 :eubaoum
1570 1962 1596 2015 ,
1659 1921 1743 1993 et
1803 1901 1888 1983 in
1947 1899 2292 2015 Rauris,
2352 1924 2444 1986 et
2511 1904 2867 1989 vicissim
2933 1898 3263 2013 eosdem
3314 1901 3477 1985 PP.
3529 1899 3893 1987 Minores
3955 1890 4304 1980 Ordinis
4353 1895 4437 1982 S.
4505 1930 4528 1943 ··

1065 2018 1489 2106 Francisci
1537 2016 1644 2109 ad
1725 2019 1922 2104 alias
1983 2017 2545 2106 Praefecturas
2592 2083 2624 2124 ,
2690 2043 2773 2107 et
2858 2021 3260 2134 Satrapias
3345 2040 3667 2115 nostrae
3717 2014 4433 2119 Archidioecesis,

1061 2163 1637 2238 'verumtamen
1687 2136 1847 2224 hoc
1876 2202 1901 2240 ,
1965 2136 2282 2225 illudve
2330 2137 2437 2227 ad
2522 2164 2845 2254 tempus
2894 2137 3416 2227 solummodo
3455 2201 3481 2244 ,
3545 2169 3713 2224 non
3763 2167 3964 2227 vero
4013 2140 4100 2221 in
4150 2163 4434 2250 perpe·
4493 2206 4496 2207 f

1064 2279 1360 2365 tuum,
1426 2260 1513 2344 in
1586 2257 2287 2346 causa-Missionis
2336 2256 2769 2349 destinare.
2837 2258 3574 2368 Quemadmodum
3622 2262 3876 2345 etiam
4509 2294 4524 2309 ‘

1074 2424 1083 2433 ·
1184 2377 1683 2488 Undecimo.
1750 2378 1851 2463 In
1925 2408 2258 2492 omnem
2309 2402 2756 2487 eventum,
2821 2410 2993 2496 quo
3066 2410 3313 2493 super
3362 2409 3562 2467 vero
3619 2380 4048 2466 intellectu
4129 2377 4428 2483 uniuS,

1063 2498 1506 2599 alteriusve
1578 2500 1931 2613 puncti,
2016 2499 2155 2586 vel
2214 2496 2751 2587 ordinationis
2826 2529 2925 2585 ex
2987 2499 3366 2615 praefatis
3442 2492 3980 2616 quocumque
4065 2519 4430 2609 tempore

1059 2616 1347 2707 futuro
1394 2616 1773 2707 dubietas
1807 2680 1832 2725 ,
1896 2618 2035 2706 vel
2083 2649 2310 2706 error
2357 2639 2846 2731 exurgeret,
2908 2617 3218 2711 eisdem
3267 2616 3748 2733 judicialem
3830 2617 4429 2730 interpretatio·
4515 2628 4535 2641 “

1060 2769 1257 2826 nem
1309 2737 1552 2825 dare:
1614 2738 1929 2843 Nobis,
1994 2741 2462 2855 nostrisque
2507 2742 2596 2827 in
2644 2736 3419 2855 Arcbiepiscopatu·
3471 2737 4101 2827 Successoribus
4162 2736 4426 2820 omni·

1056 2855 1309 2945 mode
1358 2880 1863 2945 reservatum
1913 2860 2329 2944 volumus.

1179 2978 1343 3063 Pro
1391 2978 1923 3087 conclusione
1972 2975 2307 3064 demum
2360 2975 2599 3063 nobis
2649 2974 3165 3091 saepedictus
3227 2980 3319 3065 Ρ.
3377 2977 3918 3065 Provincialis
3990 3006 4158 3060 una
4230 3004 4428 3061 cum
4527 2986 4542 2997 “

1052 3093 1696 3185 Deffinitoribus
1746 3099 2023 3184 omnia
2058 3159 2083 3204 ,
2118 3120 2205 3184 et
2251 3097 2576 3206 singula
2632 3127 2728 3187 ex
2762 3096 3201 3212 praedictis
3250 3097 3833 3185 inviolabiliter
3882 3097 4176 3214 quovis
4226 3117 4433 3180 tem·

1052 3246 1260 3331 pore
1304 3247 1678 3324 servare,
1745 3217 2380 3302 nomine.totius
2430 3219 2888 3331 Superioris
2938 3216 3433 3309 Germaniae
3498 3217 3983 3307 Provinciae
4003 3250 4036 3321 ·,
4092 3244 4420 3301 necnon

1053 3332 1553 3422 Conventus
1592 3334 1899 3450 bujatis
1951 3335 2395 3450 spopondit
2429 3399 2456 3442 ,
2520 3359 2603 3435 et
2652 3338 3104 3429 obtestatus
3184 3363 3305 3427 est
3352 3374 3374 3423 ε
3430 3362 3514 3429 et
3562 3333 3792 3454 quod
3843 3366 3995 3421 nec
4045 3334 4151 3419 ab
4201 3337 4408 3448 ipso,

1050 3484 1212 3541 nec
1259 3458 1437 3540 aliis
1488 3456 2063 3568 Superioribus
2140 3454 2560 3570 praefatae.
2600 3459 3139 3566 Provinciae,
3208 3490 3362 3547 nec
3410 3458 3517 3543 ab
3582 3486 3870 3563 eorum
3921 3455 4422 3540 Successori·

1049 3573 1212 3659 bus
1259 3576 1416 3661 sub
1464 3606 1743 3693 quocu
1896 3607 1999 3660 ue
2060 3579 2524 3688 excogitata
2555 3638 2580 3683 ,
2648 3599 3065 3690 praetextu
3095 3642 3120 3686 ,
3175 3602 3259 3667 et
3306 3576 3566 3669 forma
3621 3570 4419 3663 contraveniendum

1050 3696 1163 3779 sit·
1206 3694 1566 3806 legitime
1614 3605 2030 3808 expffltas
2080 3695 2552 3789 Reversales
2590 3699 2671 3781 in
2733 3699 3094 3811 proxime
3140 3697 3425 3790 futuro
3484 3695 3877 3812 Capitulo
3927 3690 4418 3795 intermedio

1047 3812 1291 3898 nobis
1341 3813 1928 3901 submisissime
1977 3813 2401 3902 extradere
2466 3819 2860 3929 promisit.

1167 3933 1501 4020 Cuncta
1551 3931 1949 4042 fideliter,
2015 3958 2101 4022 et
2148 3936 2461 4052 absque
2508 3932 2728 4025 fuco.
2777 3936 2876 4026 In
2932 3942 3174 4054 cujus
3220 3939 3336 4024 rei
3389 3937 3955 4031 testimonium
4015 3964 4116 4020 ex
4166 3929 4414 4046 hujus

1040 4047 1613 4157 fundationis,
1656 4057 2140 4168 respective·
2178 4053 2819 4145 confirmationis
2849 4118 2874 4162 ,
2942 4080 3027 4143 et
3088 4055 3398 4143 indulti
3459 4088 3703 4147 causa
3751 4083 4130 4171 praesens
4180 4051 4415 4157 libet-3

1040 4171 1171 4256 lus
1212 4169 1707 4277 confectus,
1772 4197 1855 4260 et
1907 4172 2012 4260 ad
2062 4179 2458 4288 majorem
2510 4179 3032 4265 securitatem
3080 4211 3134 4266 a
3178 4177 3506 4280 Nobis,
3569 4199 3655 4267 et
3715 4198 3995 4267 nostro
4044 4174 4405 4260 Venera-

1034 4290 1186 4377 bili
1239 4292 1641 4406 Ca'pitulo
1691 4292 2333 4408 Metropolitano
2373 4289 2892 4408 propriarum
2960 4328 3362 4387 manuum
3434 4294 4178 4410 subscriptionibus
4210 4353 4236 4399 ,
4321 4315 4407 4387 et

1036 4418 1419 4526 appensis
1464 4413 1753 4524 sigillis
1798 4411 2287 4528 expeditus,
2339 4412 2499 4505 sub
2550 4417 2888 4507 initium
2959 4420 3388 4507 nominato
3435 4417 3528 4506 P.
3583 4414 4079 4508 provinciali
4129 4434 4401 4501 extra-

1034 4527 1261 4616 dims
1308 4530 1504 4617 fuit.
4390 4597 4398 4605 .

1156 4658 1471 4743 Actum
1528 4684 1659 4768 17.
1714 4654 2016 4741 mensis
2092 4651 2521 4739 Februarii
2599 4685 2819 4744 anno
2900 4679 3084 4770 post
3131 4654 3446 4743 Christi
3493 4652 4064 4771 Redemptoris
4125 4651 4403 4739 Nostri

1030 4769 1539 4873 salutiferam
1587 4773 2125 4865 Nativitatem
2170 4773 2609 4865 millesimo
2656 4779 3379 4891 septingentesimo
3429 4780 3843 4887 trigesimo
3905 4798 4158 4862 sexto.

3427 4895 4155 4987 LEOPOLDUS.

727 5019 1005 5132 'Aoeefiit
1144 5015 1214 5115 S.
1287 5043 1425 5100 21.
1491 5011 1665 5100 Nos
1713 5010 2104 5101 Andreas
2170 4960 2535 5099 Jacohus
2584 5010 2896 5104 Comes·
2952 5013 3060 5104 de
3135 5015 3738 5107 Dietrichstein
3812 5014 4332 5132 Praepositus
4366 5071 4394 5117 ,

638 5111 929 5204 capituh
1028 5130 1507 5250 Leopoldus
1559 5133 1970 5220 Ernestus
2032 5130 2138 5217 L..
2185 5132 2279 5216 Β.
2331 5130 2441 5220 de
2506 5134 2876 5222 Fir-mian
2940 5135 3392 5243 Decanus,
3459 5136 3946 5231 Franciscus
4021 5134 4397 5224 Maximi·

634 5204 954 5274 Salisbur-

635 5252 1299 5385 gemiscas-¹3³⁰&
1343 5253 1649 5341 Comes
1690 5251 1806 5342 de
1855 5250 2474 5340 Liechtenstein
2530 5254 2824 5361 Senior
2869 5318 2895 5362 ,
2992 5280 3076 5344 et
3123 5257 3640 5347 Universum
3685 5256 4171 5374 Capitulum
4220 5252 4412 5351 Me·⁴

635 5410 875 5461 88113118.

1025 5375 1586 5499 tropoliticum
1654 5374 2080 5461 Ecclesiae
2134 5372 2771 5484 salisburgensis
2838 5374 3327 5492 profitemur
3385 5409 3538 5491 pro
3582 5378 3823 5467 nobis
3858 5443 3885 5487 ‚
3955 5409 4050 5469 ac
4099 5371 4389 5467 nostris

1024 5493 1648 5586 successoribus
1683 5557 1708 5604 ,
1776 5491 2009 5614 quod
2067 5494 2344 5585 omnia
2378 5556 2404 5601 ,
2485 5524 2704 5614 quae
2750 5496 2840 5583 in
2886 5496 3016 5586 his
3064 5498 3320 5617 literis
3353 5496 3423 5583 F
3430 5493 3902 5593 sudationis
3958 5496 4384 5590 continen-
