4834 6409
3647 453 3827 548 313

1615 632 1622 639 -
1825 575 2471 676 CJAP.‚XL
2588 598 2601 607 ·
3838 657 3847 668 .

1673 821 1814 909 De
1871 848 2121 938 opere
2195 853 2636 929 manuum.

585 1066 650 1151 1.
703 1064 1220 1154 Monachum
1268 1084 1591 1180 oportet
1639 1063 1865 1176 operi
1916 1092 2062 1149 seu
2112 1064 2507 1172 mentali,
2557 1092 2697 1149 seu
2754 1055 3155 1175 corporali
3208 1083 3552 1160 vacare,
3606 1082 3841 1168 prae·

465 1190 748 1277 sertim
825 1189 891 1269 si
948 1186 1187 1274 firma
1252 1187 1615 1301 corporis
1660 1179 2143 1271 valetudine
2203 1189 2492 1272 utitur.
2580 1183 2690 1266 11.
2777 1179 3016 1296 Opus
3067 1199 3345 1264 autem
3409 1173 3843 1260 Fratribus

464 1310 672 1395 utile
723 1328 920 1394 esto.
979 1307 1131 1391 111.
1173 1303 1412 1391 'Illud
1469 1333 1672 1393 vero
1697 1366 1730 1407 ,
1795 1305 1952 1389 nisi
2003 1302 2110 1393 de
2159 1307 2490 1394 licentia
2545 1301 2897 1392 Abbatis
2929 1366 2961 1406 ,
3015 1330 3180 1385 non
3235 1295 3548 1411 capiat:
3607 1296 3847 1415 sique

463 1461 591 1517 res
644 1431 813 1542 ipsa
866 1428 1292 1540 postulat,
1371 1427 1615 1512 etiam
1670 1420 2055 1513 officinae
2106 1487 2132 1532 ,
2197 1429 2283 1511 in
2337 1459 2501 1546 qua
2551 1446 2673 1512 est
2722 1445 3204 1538 operaturus
3241 1479 3266 1525 ‚
3334 1410 3847 1532 praefectum

470 1549 853 1637 consulat
885 1611 910 1653 ,
965 1555 1316 1665 ejusque
1367 1567 1777 1637 annutum
1830 1569 2080 1658 petat.

1818 1784 1891 1873 C
1956 1786 2031 1873 A
2099 1788 2188 1876 P.
2304 1787 2503 1876 XII.

1873 2027 2014 2113 De
2069 1982 2446 2119 Silentia*-

599 2269 662 2351 Ι.
732 2266 1197 2354 Monachus
1261 2266 1513 2360 debet
1589 2269 2013 2360 silentium
2089 2268 2442 2358 discrete
2526 2270 2989 2355 observare.
3057 2261 3167 2349 11.
3255 2262 3526 2383 quue
3589 2256 3853 2344 tribus

484 2390 927 2503 praecipue
979 2389 1539 2506 temporibus:
1639 2428 1683 2480 a
1751 2389 2320 2503 Completorio
2407 2393 2857 2495 nimirum,
2938 2383 3043 2473 ad
3093 2385 3456 2472 Ter-tiam
3507 2376 3674 2465 diei
3721 2407 3856 2464 se·-

487 2512 876 2625 quentis:
946 2534 1361 2624 praeterea
1426 2518 1512 2601 in
1602 2513 1971 2600 Ecclesia
2013 2570 2036 2613 ‚
2121 2534 2369 2628 atque
2419 2510 2527 2598 ad
2576 2539 2968 2596 mensam.
3035 2506 3152 2591 Et
3198 2508 3265 2592 si
3316 2500 3525 2624 quid
3573 2495 3858 2584 dicen·

482 2636 686 2715 dum
739 2627 992 2716 fuerit
1030 2693 1054 2738 ,
1120 2631 1527 2723 submissa
1579 2665 1787 2723 voce
1837 2630 2183 2721 dicatur.

1806 2837 1876 2965 C
1945 2878 2022 2964 A
2086 2875 2175 2963 Ρ.
2294 2871 2545 2959 xm.

1507 3194 1514 3205 .
1655 3118 1793 3205 De
1864 3118 2269 3203 Oratione
2331 3109 2708 3203 mentali.

485 3447 510 3460 f
617 3349 678 3435 Ι.
734 3347 1204 3457 Monachus
1249 3385 1496 3445 mane
1529 3419 1555 3463 ,
1610 3380 1696 3447 et
1740 3389 2081 3472 vespere
2149 3357 2496 3445 orationi
2561 3352 2904 3443 mentali
2969 3347 3075 3439 ad
3124 3344 3679 3450 semihoram,
3730 3338 3866 3433 vel

486 3468 777 3554 horam
846 3473 1224 3561 vacabit:
1281 3476 1537 3596 idque
1586 3475 1733 3567 fiat
1780 3482 1918 3569 vel
1969 3502 2155 3593 post
2201 3477 2622 3567 absolutas
2670 3472 2999 3563 vocales
3045 3499 3385 3586 preceS,
3431 3463 3569 3555 vel
3617 3484 3862 3581 ames
3948 3480 3959 3489 ’

489 3586 593 3675 ad
646 3588 1002 3676 Abbatis
1052 3618 1380 3683 nutum.
1462 3597 1573 3685 ΙΙ.
1655 3601 2065 3691 Oraturus
2123 3597 2262 3687 vel
2339 3627 2529 3687 cum
2582 3594 2762 3681 aliis
2812 3593 3241 3683 Fratribus
3322 3591 3409 3673 in
3492 3583 3868 3679 Ecclesia

496 3713 940 3799 conveniat
987 3776 1012 3819 ,
1075 3717 1211 3809 vel
1259 3720 1484 3807 solus
1530 3722 1615 3811 in
1682 3720 1920 3809 Cella
1990 3738 2344 3809 maneat.
2409 3714 2564 3803 ΙΙΙ.
2633 3710 3147 3829 Huiusmodi
3229 3731 3506 3799 autem
3575 3698 3869 3795 orandi

492 3860 764 3940 genus
817 3859 981 3917 non
1019 3840 1489 3954 suscipiant
1523 3903 1551 3947 ‚
1593 3843 1775 3961 .qui
1851 3839 2278 3939 laboriosis
2357 3838 2835 3929 ministeriis
2887 3832 3396 3925 addicuntur
3444 3891 3469 3941 ,
3537 3826 3701 3917 nisi
3763 3819 3870 3915 de

493 3950 828 4035 licentia
908 3952 1286 4049 Abbatis.
1471 4030 1478 4041 -
1585 4056 1594 4063 ,

1695 4146 1702 4155 .
1811 4081 1883 4175 C
1939 4083 2030 4173 A
2091 4081 2183 4167 P.
2317 4074 2553 4169 XIV.

1655 4323 1828 4423 :De
1896 4323 2305 4415 Oratione
2382 4319 2679 4412 vocali.

479 4617 485 4627 .
541 4610 548 4615 .
614 4550 679 4634 1.
749 4548 1213 4655 Monachus
1262 4582 1576 4681 septem
1622 4559 1913 4665 orandi
1967 4584 2334 4683 tempora
2387 4564 2785 4653 observet
2833 4564 3059 4678 juxta
3127 4556 3875 4653 Monasteriicon-

490 4669 1042 4763 suetudinem.
1134 4681 1496 4801 Primo„
1605 4686 2193 4800 Vespertinum
2235 4682 2647 4787 'officium
2745 4684 2904 4781 sub
2996 4712 3379 4787 occasum
3442 4716 3469 4803 εΚ
3566 4670 3874 4769 deinde
3944 4744 3952 4755 .

490 4794 1154 4907 completorium
1217 4825 1409 4891 ante
1461 4807 1868 4892 cubitum.
1952 4807 2236 4893 Tertio
2269 4868 2295 4913 ‚
2349 4803 2752 4894 Officium
2805 4801 3128 4891 mediae
3176 4805 3447 4890 noctis
3519 4797 3676 4886 sub
3729 4795 3871 4879 ho·

495 4943 670 5045 Tam
724 4923 1161 5032 ΡῙὉΡΓῙΜΠ.
1245 4923 1568 5031 Quarto
1601 4991 1631 5031 ,
1701 4924 2107 5019 Officium
2171 4928 2684 5029 Matutinum
2772 4926 3017 5012 simul
3070 4955 3263 5012 cum
3314 4921 3516 5009 hora
3566 4918 3869 5004 Tertia.

504 5035 956 5145 Posti-enm,
989 5038 1391 5128 Officium
1445 5048 1736 5135 Sextae
1785 5050 2034 5135 simul
2083 5069 2167 5135 et
2213 5046 2532 5134 Nonae.
2571 5046 2682 5131 11.
2734 5041 3337 5134 Annectendae
3383 5061 3582 5127 sunt
3628 5036 3876 5123 Com·

495 5154 852 5270 pletorio
916 5157 1289 5248 Litaniae
1337 5163 1745 5281 Deiparae
1794 5168 2136 5281 singulis
2185 5167 2579 5263 ‘sabbatis
2615 5231 2646 5271 ,
2715 5166 2939 5254 feriis
3017 5167 3328 5285 quartis
3362 5226 3387 5269 ,
3454 5184 3538 5250 et
3585 5163 3671 5245 in
3727 5158 3879 5246 Fe·

497 5277 642 5361 stis
692 5273 1216 5369 Beatissimae
1265 5284 1629 5396 Virginis
1679 5289 2014 5375 Mariae.
2053 5286 2625 5405 Completorio
2672 5285 3049 5376 succedit
3096 5284 3650 5373 conscientiae
3698 5309 3881 5367 exa·

501 5394 872 5483 menrad-
917 5423 1287 5495 octavam
1319 5402 1645 5513 -harae,
1704 5404 1941 5529 quod
2013 5410 2270 5515 etiam
2334 5440 2581 5499 mane
2660 5407 2843 5503 fieri
2892 5406 3155 5511 debet,
3206 5427 3392 5522 post
3478 5402 3876 5495 Tertiam.

503 5516 656 5601 111.
708 5518 950 5608 Feria
1000 5548 1350 5641 quarta,
1401 5547 1504 5631 et
1550 5552 1774 5636 sexta
1829 5530 2132 5642 singuli
2183 5531 2269 5617 in
2323 5528 2600 5625 Cellas
2646 5561 2833 5619 suas
2908 5523 3303 5627 secedant
3366 5523 3527 5635 sub
3579 5523 3883 5638 Vespe-

504 5662 912 5843 “⁸¹¹¹'RIQS‘
959 5649 1511 5851 epyscientiae
1560 5680 1900 5745 examen
1941 5713 1968 5763 2
2040 5674 2124 5745 et
2173 5648 2597 5755 Psalmum
2647 5649 3433 5855 quimhuagesimum
3493 5642 3887 5739 manibus

825 5792 988 5848 om.
1104 5827 1123 5848 .
2998 5798 3037 5853 1⁸
