4834 6409
1056 412 1237 523 284

1050 535 1207 653 qui
1256 536 1450 622 licet
1520 534 1991 650 praesentes
2065 530 2309 628 ist'hle
2388 546 2680 659 spiritu
2717 610 2744 654 ‚
2807 566 3149 663 corpore
3210 564 3483 635 tamen
3568 531 3946 635 absentes
4011 530 4445 656 suspffl‘sos

1056 656 1353 742 incerti
1406 660 1689 741 nuncii
1743 655 1888 743 diu
1940 665 2400 771 retineant3
2435 668 2997 782 Juramentum
3050 670 3156 754 ab
3209 700 3716 791 unoquoque
3763 696 3858 749 ex
3910 663 4444 748 Missionariis

1054 779 1393 891 propria
1438 806 1691 861 manu
1742 779 2393 892 subsignandum
2433 849 2460 891 ‚
2542 784 3365 902 expetere'duximns
3413 853 3441 895 ,
3527 823 3700 910 quo
3759 788 4116 904 quisque
4194 782 4443 900 profi-

1050 919 1326 983 teatur
1373 897 1691 984 Nostris
1749 903 2257 1014 jussionibus
2303 932 2764 1021 promptam
2796 973 2820 1015 ‚
2868 929 3117 1025 atque
3165 901 3524 999 exactam
3579 930 3983 1024 praestare
4033 903 4431 992 obedien·

1054 1020 1632 1132 tiam,.prout
1714 1019 1958 1107 latius
2010 1026 2091 1108 in
2162 1025 2449 1111 iisdem
2507 1027 2800 1115 Literis
2883 1035 3377 1118 continetur.
3445 1031 3632 1116 Hoc
3711 1032 3859 1116 etsi
3952 1049 4132 1111 tuto
4183 1025 4443 1110 Nobis

1052 1139 1594 1253 polliceamur
1638 1172 1789 1253 pro
1839 1147 2208 1231 omnium
2266 1151 2618 1260 pietate,
2685 1172 2770 1234 et
2828 1150 3224 1263 religione
3260 1214 3285 1259 ,
3349 1176 3708 1239 attamen
3761 1149 4216 1267 plurimum
4267 1146 4439 1233 col·

1056 1260 1321 1345 lat-ura
1372 1263 1527 1365 erit
1590 1260 2229 1351 Fraternitatum
2296 1268 2773 1355 Vestrarum
2837 1273 3202 1386 exempli·
3272 1278 3768 1376 auctoritas,
3831 1271 4156 1386 quoties
4217 1264 4443 1352 idem

1054 1379 1597 1493 jurisjurandi
1645 1410 2248 1471 sacramentum
2285 1453 2315 1492 ,
2380 1390 2462 1472 in
2529 1413 2846 1475 certum
2900 1423 3084 1502 erga
3140 1393 3217 1476 S.
3275 1393 3573 1479 Sed'em
3612 1456 3639 1498 ‚
3702 1416 3786 1477 et
3849 1397 3932 1476 in
3987 1387 4160 1473 Nos
4209 1387 4442 1473 obse·

1050 1501 1232 1618 quii
1302 1505 1545 1587 vestri
1610 1506 2169 1590 testimonium
2250 1506 2735 1623 praestitisse
2784 1534 3123 1630 ,atque
3171 1508 3436 1597 Nobis
3491 1516 3868 1620 misisse„
3932 1540 4083 1595 vos
4133 1507 4438 1594 intelli·

1056 1642 1312 1730 gant,
1378 1645 1623 1734 prout
1700 1627 1782 1708 in
1872 1624 2239 1711 Domino
2313 1636 2562 1714 etiam
2651 1654 2903 1749 atque
2977 1636 3225 1725 etiam
3303 1633 3834 1719 obtestamur.
3902 1629 4161 1714 Porro
4223 1627 4442 1715 hanc

1055 1772 1316 1855 unam
1384 1748 1557 1829 esse
1612 1741 2119 1854 detegendae
2172 1741 2533 1835 vei-‘itatis
2581 1752 2864 1854 viam,
2930 1784 3194 1836 unum
3282 1751 3776 1866 praesidium
3842 1747 3946 1838 ad
4010 1750 4445 1836 obstruen-

1054 1858 1263 1945 dum
1314 1892 1404 1948 os
1454 1860 1975 1981 loquentium
2046 1870 2325 1986 iniqua
2359 1932 2382 1974 ‚
2452 1895 2770 1956 vosmet
2832 1869 3070 1958 facile
3122 1900 3616 1982 cognoscere
3669 1903 3833 1956 non
3899 1869 4432 1955 dubitamust

1056 2011 1314 2098 quare
1399 1982 1919 2071 Pontificiam
1998 1990 2511 2077 voluntatem
2551 2054 2576 2095 ‚
2642 1993 3120 2110 ceteroquin
3187 1995 3269 2077 in
3340 2022 3480 2078 vos
3556 2021 4042 2106 propensam
4125 1995 4436 2101 magis,

1052 2102 1483 2221 magisque
1530 2104 1790 2192 Vobis
1840 2103 2376 2216 devinciens,
2441 2114 2507 2197 si
2560 2109 3012 2199 industriae
3061 2174 3086 2217 ‚
3151 2114 3678 2223 cogitationi,
3740 2108 4018 2198 studio
4068 2107 4439 2228 denique

916 2248 949 2322 ἱ
1051 2244 1326 2310 vestro
1390 2225 1560 2311 vim
1615 2223 1931 2313 addatis
1979 2231 2354 2345 exemplo
2386 2293 2411 2337 ‚
2467 2232 2865 2318 nec'sane
2912 2263 3296 2318 veremur
3326 2293 3353 2340 ,
3390 2234 3595 2353 quin
3646 2263 3828 2317 eam
3865 2233 4437 2338 reverentiam,

1116 2373 1305 2427 uam
1355 2346 2434 2467 suscipientes-Episcopale
2481 2362 2789 2437 mu'nus
2851 2352 3048 2439 huic
3100 2352 3179 2437 S.
3236 2352 3435 2439 sedi
3470 2415 3496 2459 ,
3534 2375 3619 2438 et
3666 2351 4158 2467 Apostolicis
4205 2382 4439 2436 man·

1168 2465 1266 2549 tis
1312 2463 1865 2579 spopondistis
1899 2532 1926 2576 ‚
1986 2468 2148 2556 hac
2202 2494 2473 2558 tamen
2523 2496 2988 2587 opportuna
3046 2476 3478 2560 occasione
3524 2468 4005 2589 explicaturi
4057 2471 4434 2557 luculen-

1049 2583 1217 2668 tius
1266 2588 1490 2672 eritis
1524 2648 1549 2691 ,
1602 2609 1703 2673 ut
1745 2620 1954 2707 quos
2029 2589 2136 2675 ad
2186 2594 2750 2706 juramentum
2834 2590 3424 2709 proferendum
3485 2623 3633 2678 vos
3694 2589 3920 2678 adire
3996 2591 4436 2702 obstringi-

1048 2733 1239 2788 mus
1264 2767 1295 2807 ,
1344 2736 1443 2793 ex
1492 2703 1711 2793 facto
1758 2714 2005 2799 etiam
2055 2738 2327 2799 vestro
2377 2711 2718 2798 obedire
2777 2714 3231 2826 praeceptis
3279 2710 3596 2799 Nostris
3648 2716 3947 2799 arctius
4008 2711 4438 2825 impellan-

1050 2847 1192 2910 tur
1226 2886 1251 2930 ,
1321 2858 1416 2913 ac
1483 2826 1746 2915 Vobis
1793 2832 2332 2927 Venerabiles
2398 2833 2721 2919 Fratres
2773 2835 2852 2919 in
2909 2853 3402 2950 perpetuum
3462 2833 3762 2921 amoris
3808 2831 4086 2919 Nostri
4137 2834 4439 2948 pignus

1049 2945 1619 3059 Apostolica'm
1668 2949 2337 3040 benedictionem
2402 2976 2922 3067 peramanter
2969 2956 3515 3068 impertimur.
3911 3013 3915 3019 ·

1174 3061 1495 3157 Datum
1546 3067 1864 3159 Romae
1910 3070 2136 3188 apud
2189 3075 2577 3183 Sanctam
2624 3072 2972 3158 Mariam
3023 3073 3426 3187 Maiorem
3474 3070 3634 3158 sub
3689 3071 4032 3159 Annulo
4079 3070 4445 3158 Piscato-

1053 3184 1165 3268 ris
1214 3180 1543 3304 diest&
1598 3191 1801 3278 Maii
1859 3194 2109 3311 1739.
2179 3190 2722 3280 Pontificatus
2771 3186 3047 3280 Nostri
3103 3223 3322 3280 anno
3375 3222 3624 3278 nono.
4159 3222 4168 3231 ·

2254 3356 2259 3361 ·
2821 3315 2956 3399 J0.
3010 3314 3517 3405 Vincentius
3572 3313 4199 3410 Lucckesz’nius.

1086 3726 1089 3731 ·
1174 3677 1588 3769 Fac-ultas
1638 3681 2031 3772 moderno
2059 3747 2085 3793 ,
2169 3704 2253 3770 et
2289 3719 2450 3803 pro
2499 3706 2867 3801 tempore
2934 3688 3342 3770 existenti
3411 3682 3779 3803 collegii
3858 3681 4443 3771 Italo-Graeci

1270 3801 1752 3890 concinam
1798 3811 2272 3926 nuncupati
2317 3808 2652 3892 Rectori
2678 3869 2703 3912 ,
2790 3823 2884 3889 ut
2934 3803 3167 3889 illius
3204 3805 3635 3891 -Alumnos
3663 3866 3689 3910 ‚
3754 3823 3836 3891 et
3906 3806 4437 3891 Convictores
4577 3888 4584 3893 ,

1292 3919 1415 4005 ad
1456 3924 1888 4013 Laut-eam
1946 3926 2496 4017 Doctoralem
2543 3931 2639 4039 in
2688 3925 2861 4013 Phi
2861 3913 3280 4040 losofihiae
3315 3988 3340 4036 ‚
3417 3942 3500 4010 et
3553 3926 3867 4012 Sacrae
3937 3920 4442 4043 Theologiae

1295 4041 1600 4132 studiis
1641 4070 2153 4161 promoveat.
2723 4108 2734 4115 -
2775 4066 2790 4081 ‘
3301 4066 3306 4071 ’
3683 4044 3688 4049 ’
4035 4044 4046 4054 ’
4239 4066 4244 4071 ’

1581 4198 2708 4469 CLEMENS
2836 4224 3906 4475 ssAPAXU·

2022 4535 2180 4626 Ad
2210 4554 2710 4654 perpetuam
2759 4530 2902 4633 rei‘
2935 4537 3462 4683 memoriam.

666 4776 1022 4851 Praemium
1176 4684 1325 4860 P
1339 4776 1699 4865 raeclara
1751 4778 2315 4866 Romanorum
2377 4772 2886 4865 Pontificum
2972 4773 3705 4864 Praedecessorum
3787 4794 4257 4861 nostrorum
4324 4770 4433 4862 de

1051 4890 1369 4985 Graeca
1399 4894 1794 4987 Ecclesia
1857 4928 2051 4987 cum
2100 4926 2419 4989 summa
2483 4896 3005 5013 Apostolicae
3051 4895 3469 4985 charitatis
3540 4888 3788 4982 laude
3833 4895 4219 5008 insignita
4265 4925 4442 4983 me-

1050 5016 1396 5107 ritorum
1438 5082 1462 5126 ,
1515 5018 1821 5139 quiad
1870 5022 2290 5108 nationem
2336 5019 2851 5119 Graecorum
2911 5042 3034 5106 tot
3098 5018 3415 5125 Sanctis
3483 5015 3870 5119 Patribus
3916 5018 4274 5130 pietate,
4340 5044 4438 5103 ae

1050 5132 1427 5228 doctrina
1491 5142 1951 5231 illustribus
2002 5142 2393 5256 inclytam
2466 5169 2840 5255 semper,
2906 5160 2989 5225 et
3037 5138 3357 5259 ubique
3407 5141 3488 5226 in
3551 5137 3892 5252 pristina
3956 5133 4439 5239 Catholicae

1014 5253 1246 5363 ,fidei
1304 5264 1622 5351 unitate
1652 5260 2628 5381 ,sanaeque-doctrinae
2706 5256 3214 5346 confessione
3261 5254 3794 5345 ‘retinendam
3845 5319 3875 5360 ,
3939 5254 4439 5343 confirman-

1032 5374 1414 5500 damque
1460 5384 1776 5477 eximiis
1828 5382 2252 5470 beneficiis
2316 5383 2741 5470 cumulare
2777 5442 2801 5486 ‚
2866 5380 3324 5494 patrocinio
3372 5377 3707 5486 fovere,
3759 5375 4057 5491 opibus
4107 5380 4421 5485 iuvare,

1042 5525 1130 5591 et
1197 5505 1592 5593 omnibus
1655 5503 2141 5593 Pontificiae
2188 5503 2742 5616 benignitatis·
2803 5500 3484 5620 liberalitatisque
3531 5495 3825 5588 officiis
3910 5498 4296 5604 allicere,
4350 5518 4440 5583 et

1032 5621 1667 5742 *quodammodo
1744 5625 2112 5745 obligare
2177 5622 2766 5717 adlaborarunt
2797 5685 2824 5734 ‚
2890 5619 3160 5730 studia
3239 5621 3691 5715 recolentes
3766 5616 3939 5712 Nos
3973 5680 3998 5728 ‚
4100 5642 4436 5733 operam
