4834 6409
3608 473 3793 588 379

408 599 636 687 Ante
683 592 961 683 omnia
1013 612 1291 679 autem
1342 585 1939 679 examinandus
1986 615 2410 684 accusator
2453 657 2483 699 ,
2536 622 2638 679 an
2679 593 2812 679 sit
2875 592 3241 704 integrae
3289 588 3628 682 famae?
3691 622 3799 678 an

401 740 837 807 moveatur
884 715 1163 833 aliquo
1210 709 1442 816 odic,
1470 737 1616 799 aut
1664 713 1827 799 alio
1875 745 2132 828 pravo
2181 712 2551 804 affectu?
2601 744 2703 798 an
2744 742 2957 831 quae
2992 715 3406 828 proponit,
3435 711 3803 802 habeant

407 838 516 923 ali
584 871 685 924 ua
737 834 1241 924 adminicula
1275 897 1301 941 ,
1367 834 1505 921 vel
1545 830 1857 920 *indicia
1907 840 2270 924 veritatis
2303 900 2328 942 ‚
2396 857 2591 950 puta
2631 830 2671 939 ‚'
2723 835 2916 952 quia
2984 858 3412 920 accusatus
3463 833 3658 920 alias
3712 834 3801 918 in

407 984 512 1044 eo
574 989 708 1044 em
758 987 1055 1071 genere
1103 956 1419 1069 peccati
1467 951 1938 1074 deliquerit,
2003 981 2145 1043 aut
2197 960 2357 1044 alio
2409 953 2660 1043 modo
2711 960 2890 1069 ejus
2939 951 3199 1061 sama,
3252 977 3337 1041 et
3386 958 3788 1041 existima-

411 1080 534 1167 tio
584 1079 920 1167 laboret.
976 1075 1207 1164 Haec
1290 1097 1566 1160 autem
1630 1078 1987 1162 exactius
2048 1075 2554 1165 observanda
2633 1096 2830 1160 sunt
2867 1133 2905 1186 0
2970 1073 3309 1193 quando
3373 1076 3799 1161 accusator

414 1198 789 1313 procedit
837 1218 1120 1286 contra
1171 1194 1580 1288 Abbates:
1654 1196 1797 1281 Isti
1872 1200 2096 1282 enim
2158 1196 2378 1284 falsis
2428 1193 3039 1298 delationibus,
3092 1202 3174 1280 e't
3223 1196 3580 1312 querelis
3628 1226 3804 1280 ma-

414 1323 630 1425 xime
664 1321 998 1407 obnoxii
1049 1337 1248 1401 sunt
1292 1340 1376 1400 et
1413 1344 1690 1401 rursus
1739 1347 1931 1402 cum
1974 1320 2389 1430 regiminis
2429 1318 2841 1403 columina
2878 1319 3069 1422 sint,
3137 1347 3301 1400 non
3357 1312 3624 1420 facile,
3667 1345 3808 1400 ne-

415 1470 583 1557 que
630 1471 722 1525 ex
761 1439 1086 1525 »levibus
1121 1434 1678 1537 delationibus
1714 1437 1797 1521 in
1829 1440 2294 1550 periculum
2347 1439 2986 1542 existimationis,
3020 1459 3102 1522 et
3136 1435 3398 1538 famae
3440 1431 3794 1522 vocandi

415 1583 634 1644 sunt.
676 1561 758 1644 Si
798 1590 946 1672 per
998 1555 1722 1642 denunciationem
1760 1556 2282 1670 procedatur,
2317 1558 2888 1643 Denunciator
2924 1557 3298 1642 similiter
3348 1577 3619 1642 certus
3670 1557 3800 1660 sit,

426 1679 950 1764 subscribere
999 1709 1084 1763 se
1127 1674 1382 1762 debet
1415 1673 2077 1764 denunciationis
2132 1678 2570 1792 capitibus,
2598 1680 2810 1763 sicut
2859 1686 3306 1782 accusator,
3360 1698 3441 1761 et
3490 1678 3554 1759 si
3622 1679 3792 1786 ipse

421 1828 590 1883 non
641 1821 971 1886 tenetur
1008 1826 1476 1911 processum
1526 1801 1966 1915 prosequi,
2019 1820 2103 1885 et
2152 1799 2472 1914 objecta
2511 1797 2888 1911 probare.
2921 1799 3002 1882 Si
3057 1818 3334 1880 autem
3378 1826 3525 1908 per
3573 1790 3811 1880 diffa-

421 1921 867 2005 mationem
899 1913 1417 2032 procedatur,
1457 1916 2088 2002 examinandum
2124 1926 2415 2033 prim0,
2450 1950 2549 2003 an
2589 1915 2832 2023 fama,
2865 1940 3008 2003 aut
3042 1913 3500 2002 diffamatio
3537 1948 3578 2000 a
3615 1945 3805 2029 pro-

432 2038 588 2146 bis,
641 2062 726 2125 et
769 2036 1134 2122 honestis
1170 2038 1360 2124 viris
1410 2061 1679 2121 ortum
1722 2034 2044 2145 habeat,
2096 2069 2356 2156 eaque
2406 2036 2861 2124 diffamatio
2912 2068 3077 2122 non
3129 2036 3384 2120 semel
3432 2034 3577 2121 sed
3629 2059 3798 2122 sae'·

423 2162 612 2274 pius
648 2155 752 2245 ad
802 2155 1036 2245 aures
1085 2158 1622 2267 Superiorum
1653 2162 2139 2270 pervenerit.
2186 2157 2339 2241 111.
2384 2158 2575 2244 Post
2613 2160 3243 2260 accusationem,
3285 2188 3426 2241 seu
3480 2153 3805 2240 denun-

432 2282 896 2385 ciationem,
927 2308 1071 2364 seu
1110 2272 1791 2381 diffamationem,
1822 2276 1870 2359 J
1877 2276 2092 2364 udex
2122 2276 2224 2363 ad
2256 2280 2627 2363 Testium
2661 2278 3344 2364 examinationem
3385 2272 3803 2380 deveniat,
3848 2283 3857 2289 “

427 2432 471 2484 a
525 2400 832 2517 quibus
881 2396 1250 2485 exhibito
1298 2392 1404 2481 de
1456 2399 1798 2499 veritate
1854 2394 2204 2484 dicenda
2268 2403 2738 2513 juramento
2772 2461 2797 2505 ,
2861 2399 2995 2485 vel
3045 2393 3265 2481 facto
3310 2398 3409 2479 iis
3460 2392 3566 2482 de
3602 2400 3814 2481 veri·
3907 2444 3913 2451 ·

429 2541 598 2606 tate
659 2514 1008 2604 dicenda
1073 2519 1157 2601 in
1220 2517 1530 2602 virtute
1612 2539 1940 2603 sanctae
2016 2516 2538 2605 obedientiae
2613 2541 3050 2634 praecepto
3087 2580 3112 2624 ,
3173 2517 3473 2629 prim0,
3535 2517 3597 2598 si
3652 2516 3816 2601 sint

431 2640 843 2745 extranei,
899 2636 1387 2749 generaliter
1435 2637 1974 2742 interrogabit
2022 2669 2269 2753 super
2338 2670 2621 2724 eorum
2677 2636 3258 2755 qualitatibus:
3317 2631 3628 2721 deinde
3679 2666 3812 2719 su·

429 2790 577 2873 per
627 2756 1065 2874 praedictis
1132 2756 1542 2868 capitibus
1619 2760 2156 2843 accusationis
2204 2821 2228 2863 ‚
2300 2783 2806 2877 annotetque
2870 2756 3152 2860 diem„
3214 2786 3582 2842 mensem
3636 2817 3661 2859 ,
3730 2778 3813 2842 et

405 2880 802 2985 annum,
869 2906 1037 2991 quo
1099 2875 1397 2986 singuli
1486 2875 1772 2962 Testes
1834 2876 2146 2962 fuerint
2220 2882 2652 2965 examinati
2707 2942 2730 2983 ,
2801 2901 2884 2965 et
2949 2905 3499 2994 quaecunque
3566 2871 3818 2988 depo·

431 3000 795 3081 suerint:
865 2994 1228 3080 Demum
1309 2989 1681 3101 curabit,
1748 3020 1844 3081 ut
1906 2994 2155 3084 iidem
2226 2999 2512 3084 Testes
2562 3030 2815 3083 manu
2884 2998 3209 3112 propria
3295 2993 3819 3080 subscribant

436 3148 622 3202 suas
669 3114 1218 3231 depositiones
1251 3148 1286 3196 ε
1361 3138 1443 3201 et
1492 3119 1553 3199 si
1610 3119 1760 3229 ipsi
1815 3115 2066 3203 literis
2118 3121 2532 3228 ignorant,
2599 3141 3016 3232 apponant
3085 3148 3227 3201 sua
3301 3145 3556 3200 manu
3609 3111 3818 3225 figu-

436 3268 608 3322 ram
678 3235 973 3323 Crucis
1011 3294 1034 3339 ,
1101 3258 1184 3322 et
1230 3235 1438 3318 alius
1506 3265 1603 3320 ex
1655 3239 2014 3350 ipsorum
2069 3236 2455 3322 mandato
2505 3234 2969 3323 subscribat
3020 3232 3482 3322 eorundem
3552 3237 3814 3318 nomi-

438 3388 541 3441 na
572 3421 601 3460 ‚
655 3352 1132 3443 annotando
1194 3385 1279 3441 se
1331 3354 1662 3440 illorum
1714 3360 1942 3469 jussu
1994 3357 2587 3470 subscripsisse.
2657 3357 2802 3442 IV.
2872 3356 3022 3440 His
3071 3358 3419 3470 peractis
3457 3416 3482 3460 ,
3545 3351 3597 3436 J
3607 3353 3819 3440 udex

321 3538 324 3541 Δ
430 3500 941 3584 accusatum,
1005 3506 1152 3562 seu
1203 3472 1798 3560 denunciatum
1851 3538 1876 3582 ,
1937 3474 2070 3562 vel
2142 3474 2661 3563 diffamatum
2716 3475 3050 3583 citabit,
3105 3477 3467 3594 e'urnque
3519 3478 3821 3559 exami-

439 3598 674 3683 nabit
723 3628 970 3710 super
1019 3590 1457 3712 praedictis
1493 3656 1519 3702 ,
1575 3626 1740 3680 non
1792 3595 2285 3701 semel,·sed
2338 3598 2497 3702 his,
2547 3599 2677 3686 vel
2736 3625 2855 3685 ter
2891 3660 2915 3703 ,
2970 3626 3165 3680 cum
3215 3594 3649 3680 intervallo
3704 3616 3820 3680 ta-

437 3747 693 3824 menffi,
746 3739 842 3801 ut
891 3718 957 3801 si
1024 3710 1650 3800 contradictoria
1727 3712 2025 3800 dixerit
2081 3780 2106 3823 ,
2168 3721 2425 3833 possit
2474 3748 2566 3804 ex
2619 3751 2759 3805 sua
2815 3714 3322 3802 confessione
3374 3710 3809 3825 redargui.

435 3836 556 3921 Et
602 3840 667 3921 si
721 3868 932 3950 opus
979 3833 1230 3921 fuerit
1265 3897 1289 3942 ,
1346 3832 1452 3918 ad
1503 3864 1736 3919 reum
1798 3835 2526 3945 convincendum,
2581 3867 2941 3954 eumque
3014 3833 3119 3920 ad
3193 3836 3629 3922 veritatem
3700 3831 3824 3919 di·

441 3954 790 4042 cendam
861 3951 1491 4062 inducendum,
1563 3977 1955 4070 poterunt
2017 3988 2290 4042 coram
2343 3988 2443 4044 eo
2491 3957 2839 4075 produci
2906 3956 3189 4042 Testes
3237 4019 3261 4063 ,
3315 3956 3460 4072 qui
3548 3957 3824 4067 ipsum

442 4077 971 4159 convincant.
1023 4076 1127 4157 V.
1191 4074 1474 4160 Finito
1522 4079 1894 4162 examine
1931 4140 1956 4180 ,
2022 4075 2395 4163 dandum
2447 4084 2598 4166 erit
2651 4082 2799 4193 ipsi
2857 4077 3030 4162 Reo
3079 4075 3491 4188 exemplar
3569 4071 3824 4186 depo-

441 4196 837 4279 sitionum
907 4193 1279 4279 Testium
1332 4198 1978 4281 examinatorum
2028 4201 2204 4283 sine
2255 4229 2539 4284 eorum
2596 4197 3110 4298 nominibus,
3187 4224 3375 4280 cum
3468 4198 3825 4280 termino

444 4316 942 4428 competenti
997 4311 1100 4399 ad
1152 4309 1568 4400 faciendas
1618 4346 1803 4401 suas
1853 4314 2399 4405 definitiones.
2440 4319 2556 4403 Et
2604 4324 2666 4404 si
2720 4317 3019 4403 delicta
3072 4316 3228 4400 sibi
3270 4314 3589 4429 objecta
3624 4346 3813 4417 ‘non

443 4432 765 4540 diluat,
842 4464 1104 4552 eaque
1153 4436 1315 4518 sint
1360 4434 1704 4549 probata
1754 4433 2314 4545 sufficienter,
2367 4440 2500 4525 vel
2554 4471 2698 4555 per
2750 4438 2896 4523 Rei
2952 4434 3546 4523 confessionem
3587 4497 3612 4537 ,
3683 4457 3827 4519 aut

443 4586 590 4670 per
641 4555 925 4643 Testes
990 4553 1210 4639 Reus
1278 4550 1529 4640 fuerit
1575 4557 2001 4641 convictus
2051 4620 2075 4660 ,
2129 4562 2431 4672 poterit
2476 4562 2804 4674 praevia
2868 4556 3285 4673 Citatione
3338 4551 3441 4640 ad
3499 4576 3829 4641 senten·

450 4680 647 4762 tiam
702 4673 1105 4782 deveniri,
1157 4696 1238 4760 et
1291 4674 1511 4759 Reus
1562 4676 1643 4758 in
1698 4672 1974 4789 poena‘
2014 4681 2192 4790 ejus
2242 4676 2546 4766 delicto
2598 4678 2873 4765 debita
2912 4674 3472 4763 condemnari.
3515 4678 3598 4762 Si
3629 4705 3828 4760 vero

449 4794 788 4883 diluerit
837 4796 1229 4907 legitime,
1284 4798 1442 4883 erit
1502 4795 2108 4899 absolvendus,
2163 4820 2304 4884 aut
2354 4797 2901 4885 declarandus
2965 4800 3410 4883 innocens:
3469 4797 3613 4885 Sin
3689 4827 3830 4879 au·

445 4935 615 4999 tem
681 4914 788 5000 de
847 4921 1029 5030 ejus
1091 4920 1564 5002 innocentia
1637 4949 1804 5002 non
1871 4918 2125 5031 plene
2183 4922 2694 5024 constiterit,
2760 4916 3011 5003 debet
3087 4910 3459 5027 absolvi3
3528 4913 3831 5001 nihilo·

450 5037 729 5120 minus
807 5038 1167 5149 apposita
1235 5037 1653 5142 clausula,
1705 5070 1801 5125 ex
1867 5037 2264 5126 hacteuus
2342 5035 2783 5144 deductis,
2849 5040 3041 5156 quia
3128 5039 3608 5123 innocentia
3680 5035 3832 5121 Rei

453 5184 626 5239 non
675 5151 834 5240 suit
880 5156 1127 5269 plene
1177 5156 1545 5269 probata.
1612 5157 1762 5241 Vl.
1829 5159 1914 5243 Si
1992 5160 2276 5245 Abbas
2340 5158 2798 5266 Generalis,
2844 5181 2994 5243 aut
3043 5156 3514 5269 Hegumeni
3569 5220 3592 5260 ,
3697 5156 3829 5242 vel

449 5273 741 5361 Abbas
788 5272 1275 5362 Provinciae
1324 5279 1886 5364 commiserint
1931 5282 2212 5385 alicui,
2245 5303 2336 5364 ut
2387 5277 2744 5365 Causam
2798 5280 3235 5385 examinet,
3289 5301 3372 5363 et
3421 5274 3835 5393 judicium

451 5393 709 5482 ferat:
780 5397 846 5480 is
910 5392 1163 5482 debet
1222 5399 1493 5511 primo
1541 5402 1935 5485 terminos
1996 5398 2403 5486 facultatis
2453 5432 2647 5488 snae
2711 5430 2875 5486 non
2929 5398 3376 5505 excedere,
3430 5397 3572 5484 sed
3624 5402 3838 5483 intra

450 5546 586 5601 eos
638 5547 723 5602 se
774 5519 1226 5621 continere,
1268 5521 1690 5627 nimirum,
1742 5523 1810 5604 si
1862 5552 2199 5609 examen
2254 5516 2836 5607 tantummodo
2889 5522 3038 5634 ipsi
3077 5522 3603 5605 commissum
3661 5515 3842 5604 fue·

458 5640 565 5722 rit
599 5699 622 5743 ,
679 5666 848 5725 nou
925 5633 1178 5724 debet
1226 5642 1724 5728 sententiam
1772 5638 2008 5731 ferre.
2067 5640 2459 5757 Secundo
2497 5708 2520 5752 ,
2574 5639 3046 5730 confectum
3082 5707 3109 5747 ,
3163 5663 3253 5726 ut
3302 5672 3592 5757 supra,
3646 5640 3844 5726 Pro-

2641 5763 3022 5850 Bbba
