4834 6409
428 655 546 745 xis
584 723 613 765 ‚
657 654 1054 753 Visitator
1119 649 1566 765 diligenter
1606 652 1980 744 visitabit
2035 642 2291 743 totam·
2353 653 2871 742 Ecclesiam:
2944 684 3038 740 ac
3117 657 3509 768 primum·
3561 567 3819 742 Arabi
3873 681 3888 689 ”

431 783 869 866 maximam
920 839 945 885 ,
1013 774 1163 861 ubi
1241 778 1687 890 repositum
1766 801 1906 865 est·
1968 776 2594 863 Sanctissimum
2685 773 3260 863 Eucharistiae
3343 776 3827 864 Sacramen-

438 923 671 986 tum:
742 895 1051 986 deinde
1101 895 1415 1014 reliqua
1467 958 1494 1002 ,
1556 898 1624 980 si
1663 918 1890 1017 'quae
1937 921 2233 1004 erunt,
2302 898 2641 985 altaria:
2713 929 2815 982 an
2871 899 3146 981 omnia
3212 896 3529 985 munda
3596 896 3822 1006 sint',

436 1044 520 1107 et
594 1019 987 1110 decenter
1049 1022 1331 1104 ornata
1369 1080 1394 1126 ,
1461 1038 1545 1104 et
1609 1023 2083 1136 composita.
2154 1017 2346 1124 Qua
2402 1017 2899 1105 Visitatione
2949 1017 3319 1103 absoluta
3361 1082 3386 1125 ,
3456 1048 3829 1106 reversus

435 1139 539 1228 ad
600 1164 920 1259 portam
982 1136 1342 1225 mediam
1379 1200 1404 1246 ,
1472 1160 1556 1223 et
1603 1135 1815 1225 facta
1875 1140 2146 1226 Altari
2198 1144 2651 1225 reverentia
2684 1203 2708 1241 ,
2780 1135 2921 1223 dat
2973 1136 3645 1225 benedictionem
3702 1135 3826 1222 di-

437 1292 655 1350 cens.
724 1259 1186 1347 Benedicat
1233 1290 1367 1345 vos
1418 1254 1934 1373 omnipotens
1983 1263 2218 1346 Deus
2237 1323 2267 1363 ,
2304 1261 2569 1344 Pater
2593 1256 2698 1361 ›1‹
2733 1277 2814 1341 et
2862 1259 2955 1343 F
2947 1257 3147 1342 ilias
3177 1263 3304 1378 ff<
3330 1278 3410 1342 et
3460 1262 3827 1374 Spiritus

433 1380 540 1485 δῖ(
575 1389 959 1472 Sanctus.
1014 1380 1367 1467 Fratres.
1437 1380 1744 1477 Amen.
1808 1380 2201 1466 Visitator
2251 1384 2775 1498 prosequitur
2838 1378 3053 1465 hanc
3104 1378 3759 1466 admonitionem
3804 1384 3823 1460 ζ

438 1507 977 1591 Auctor-itate
1040 1502 1219 1585 Dei
1251 1564 1274 1606 ,
1340 1504 1759 1617 totiusque
1828 1500 2178 1586 Ordinis
2241 1507 2511 1584 nostri
2574 1504 3011 1614 praecipio
3079 1500 3303 1584 vobis
3368 1506 3460 1583 in
3522 1506 3829 1586 virtute

340 1622 345 1628 ⁴
438 1644 781 1735 sanctae
830 1618 1376 1727 obedientiae,
1444 1640 1535 1704 ut
1586 1653 1784 1704 cum
1832 1629 2410 1739 unusquisque
2484 1639 2869 1722 vestrum·
2907 1618 3009 1702 de
3056 1623 3469 1727 omnibus,
3521 1640 3603 1704 et
3648 1625 3829 1704 sin·

430 1745 657 1861 gulis
700 1742 1082 1859 personis-
1108 1804 1138 1844 ,
1187 1772 1292 1825 ac
1340 1744 1584 1824 rebus
1655 1740 1775 1826 ad
1816 1743 1970 1828 hoc
2037 1745 2670 1829 Monasterium
2716 1743 3281 1854 spectantibus
3361 1746 3828 1859 interroga·

436 1884 569 1951 tus
657 1871 876 1949 uerit
905 1927 930 1969 ,
983 1860 1279 1945 debeat
1327 1860 1788 1948 secandam
1837 1868 2444 1948 conscientiam
2500 1893 2714 1975 pure
2762 1924 2792 1964 ,
2840 1879 2922 1942 et
2971 1866 3379 1945 veraciter
3425 1860 3841 1968 revelare,

436 2017 571 2071 sec
610 2018 753 2071 uso
803 1987 1039 2068 omni
1084 1980 1274 2066 odio
1311 2047 1336 2091 ‚
1357 1984 1718 2099 favore,
1748 2001 1832 2067 et
1890 1982 2260 2100 afficta:
2317 2015 2468 2067 nec
2518 1981 2739 2066 ullus
2791 1999 3153 2065 vestrum
3199 1999 3453 2065 extra
3517 1984 3833 2068 Mona-

440 2113 791 2191 sterium
856 2101 1279 2189 discedere
1327 2122 1826 2217 praesumat
1850 2167 1874 2212 ,
1938 2110 2121 2189 sine
2196 2130 2598 2220 expressa
2648 2119 2932 2188 nostra
2998 2101 3366 2186 licentia.
3437 2100 3834 2187 Visitator

399 2224 830 2343 deposita·
865 2224 1065 2310 stola
1106 2287 1129 2330 ,
1197 2226 1280 2308 in
1340 2224 1802 2321 Sacristiam
1857 2223 2089 2311 vadit
2139 2258 2329 2313 cum
2386 2225 2665 2326 Soci0‚
2736 2221 3071 2308 Abbate
3136 2222 3609 2335 Monasterii
3653 2286 3674 2328 ,
3751 2246 3834 2307 et

442 2345 869 2433 Praefecto
917 2345 1344 2458 Ecclesiae
1379 2407 1404 2451 ,
1470 2376 1616 2429 seu
1675 2345 2138 2452 sacristiae,
2193 2376 2545 2462 eamque
2616 2341 3053 2452 diligenter
3101 2345 3421 2449 visitat,
3459 2339 3836 2427 conside-

405 2465 766 2571 rando,
829 2497 930 2551 an
987 2462 1355 2571 munda,
1408 2487 1491 2550 et
1554 2468 2006 2578 composita
2082 2470 2247 2553 sint
2295 2466 2508 2551 Vasa
2592 2463 2832 2550 Sacra
2872 2525 2897 2569 ,
2972 2462 3257 2549 Vestes
3293 2518 3318 2570 ,-
3387 2463 3689 2566 Libri,
3754 2481 3837 2575 et

440 2592 715 2673 omnia
779 2587 1177 2672 utensilia·
1245 2583 1578 2672 Deinde
1625 2584 2004 2699 procedit
2051 2587 2446 2672 Visitator
2514 2616 2701 2671 cum
2759 2583 3028 2689 Soci0‚
3093 2614 3187 2668 ac
3241 2584 3572 2668 Abbate
3628 2582 3834 2667 Loci
3939 2580 3946 2587 ’

442 2705 547 2793 ad
599 2706 919 2793 Cellam
976 2708 1228 2820 ipsius
1278 2705 1693 2812 Abbatis,
1783 2709 1928 2823 qui
1978 2709 2247 2820 primo
2308 2703 2556 2792 offert
2604 2704 3021 2789 Visitatori
3077 2705 3387 2815 scripta·
3436 2707 3770 2789 nomina
3805 2766 3832 2804 ,

439 2853 522 2914 et
589 2826 861 2912 officia
935 2822 1455 2935 singulorum
1529 2824 2138 2912 Monacherum
2189 2891 2215 2934 ,
2308 2850 2390 2913 et
2454 2854 2988 2940 personarum
3045 2887 3069 2930 ,
3153 2826 3398 2908 etiam
3466 2823 3832 2909 saecula-

442 2938 703 3052 rium,
756 2948 897 3063 qui
951 2945 1458 3031 Mo'nasterio
1518 2947 2004 3032 inserviunt.
2062 2945 2452 3034 Secundo
2524 2945 2829 3028 librum
2884 2942 3247 3054 Regulae
3276 3008 3304 3047 ,
3371 2967 3454 3029 et
3506 2943 3833 3059 Consti·

441 3068 863 3152 tutionum
927 3062 1294 3150 Ordinis,
1359 3068 1645 3152 Tertio
1697 3066 2002 3152 librum
2057 3065 2637 3173 decretorum,
2704 3095 2916 3185 quae
2985 3065 3119 3150 alii
3187 3062 3670 3151 V'isitatores
3756 3066 3834 3148 ei

440 3185 940 3284 Monasterio
997 3187 1533 3305 reliquerunt.
1593 3187 1917 3294 Quarto
1984 3187 2232 3273 libros
2284 3181 2873 3302 proventuum,
2925 3208 3009 3272 et
3060 3212 3597 3297 expensarum
3652 3192 3836 3274 Mo-

446 3311 774 3393 nasterii
812 3371 841 3410 ,
904 3330 988 3393 et
1052 3306 1891 3414 Ecclesiae.‘Quibus
1942 3310 2291 3422 peractis
2345 3309 2738 3392 Visitator
2815 3301 2919 3389 ad
2999 3302 3318 3391 Cellam
3373 3306 3532 3389 sibi
3587 3296 3835 3392 desti-

445 3452 720 3513 natam
797 3458 940 3541 per
1002 3428 1271 3543 ipsum
1341 3428 1760 3515 Abbatetn
1823 3427 1999 3513 'loci
2038 3491 2061 3534 ,
2127 3451 2272 3514 aut
2320 3426 2832 3514 Monachum
2910 3418 3021 3511 ab'
3079 3457 3179 3513 eo
3247 3422 3763 3537 designatum
3806 3490 3830 3535 ,

442 3545 887 3634 advocabit
935 3548 1301 3659 singulos
1352 3547 1852 3655 Mon'achos,
1905 3571 1987 3635 et
2037 3544 2665 3666 inquisitionem
2713 3545 3139 3633 inchoabit
3188 3579 3231 3631 a
3283 3547 3829 3665 junioribus,

441 3689 527 3753 et
595 3666 921 3753 desinet
1000 3672 1082 3752 in
1139 3671 1408 3784 ipsufl
1490 3668 1903 3754 Abbatem
1945 3730 1970 3774 ,
2034 3673 2178 3787 qui
2232 3667 2338 3755 de
2396 3669 2741 3778 singulis
2817 3669 2968 3780 ipsi
3025 3662 3318 3752 reddet
3402 3670 3832 3754 rationem.

447 3786 690 3897 Quae
773 3812 1053 3874 autem
1106 3821 1148 3873 a
1213 3789 1557 3900 singulis
1604 3787 2039 3875 Monachis
2109 3787 2578 3876 referuntur
2626 3852 2649 3895 ,
2722 3818 2868 3903 per
2920 3786 3258 3872 Socium
3316 3810 3398 3873 et
3465 3789 3836 3875 Secreta·

440 3912 661 3993 rium
708 3911 1224 3996 Visitationis
1276 3911 1360 3994 in
1416 3908 1693 3995 charta
1762 3911 2351 4018 notabuntur,
2420 3914 2501 3995 in
2589 3936 2942 4027 quorum
3010 3905 3178 3992 fi‘ne
3259 3911 3838 4026 unusquisque

446 4055 751 4111 nomen
805 4060 1049 4113 suum
1111 4031 1629 4135 subscribat,
1701 4031 1833 4117 vel
1896 4036 1959 4117 si
2013 4031 2691 4117 scribere'nescit
2737 4091 2761 4134 ,
2830 4030 3002 4142 ipse
3082 4029 3580 4113 Secretarius
3656 4034 3837 4143 ejus

405 4176 749 4247 *nomen
803 4146 1267 4255 subscribat
1319 4147 1424 4235 de
1474 4153 1728 4262 ipsius
1781 4150 2194 4238 mandato.
2248 4150 2443 4234 Vn.
2501 4145 2914 4236 Postridie
2987 4148 3379 4232 Visitator
3432 4180 3624 4233 cum
3695 4150 3838 4235 Se-

451 4269 795 4352 cretario
846 4267 1225 4352 lustrabit
1296 4271 1566 4383 primo
1617 4268 1894 4357 Cellas
1954 4276 2328 4369 omnium
2383 4270 2814 4355 Fratrum:
2884 4265 3253 4355 secundo
3304 4266 3498 4353 alias
3548 4269 3839 4357 Mona-

445 4389 666 4473 sterii
754 4390 1274 4473 mansiones:
1345 4413 1439 4473 ut
1509 4386 1889 4475 Scholam
1927 4457 1959 4497 ,
2032 4390 2631 4478 Bibliothecam
2671 4455 2694 4496 ,
2777 4389 3251 4503 Hospitium
3291 4451 3320 4490 ,
3387 4388 3839 4477 lufirmari-

447 4541 576 4593 am
616 4572 645 4611 ,
715 4509 1255 4614 Vestiariam,
1321 4507 1760 4613 Cellariam
1816 4574 1840 4617 ,
1907 4510 2378 4632 Coquinam
2433 4576 2456 4619 ,
2509 4538 2591 4598 et
2669 4508 3223 4597 Refectorium
3280 4572 3304 4616 ,
3376 4516 3839 4623 praesenti-

447 4630 607 4713 bus
659 4627 993 4714 Abbate
1047 4629 1201 4714 loci
1252 4693 1282 4733 ,
1346 4643 1612 4747 eoque
1685 4630 2162 4739 MonachO,
2253 4637 2395 4750 qui
2466 4632 2721 4717 cellae
2787 4631 3008 4715 illius
3072 4661 3350 4713 curam
3413 4629 3763 4719 habebit
3809 4695 3829 4717 .

447 4749 685 4833 VlIl.
739 4750 1023 4837 Tertio
1059 4814 1082 4857 ,
1136 4775 1218 4836 et
1272 4760 1678 4863 postremo
1729 4750 1865 4838 die
1915 4776 2359 4839 convocata
2417 4756 2664 4838 totius
2716 4751 3189 4836 Monasterii
3244 4749 3836 4867 Congregatio-

450 4897 555 4953 ne
610 4871 691 4953 in
764 4870 1044 4956 locum
1096 4870 1201 4956 ad
1265 4869 1350 4955 id
1403 4897 1830 4985 paratum„
1871 4875 2268 4958 Visitator
2316 4874 2656 4959 brevem
2722 4869 3380 4958 adhortationem
3434 4869 3677 4959 faciet
3730 4872 3835 4959 ad

443 4988 1049 5100 procurandam
1104 4990 1462 5102 Regulae
1502 4995 1539 5096 ,‘
1593 5017 1675 5078 et
1725 4990 2438 5078 Constitutionum
2493 4993 3094 5079 observantiam
3139 5027 3157 5073 :
3230 5014 3312 5077 et
3365 4992 3521 5104 legi
3589 4992 3836 5080 faciat
3920 4996 3933 5004 ’

442 5132 591 5221 pet·
644 5109 1188 5196 secretarium
1244 5115 1550 5197 monita
1617 5113 1894 5200 relicta
1947 5113 2510 5225 Monasteri03
2572 5137 3074 5230 moneatque
3123 5141 3410 5197 omnes
3445 5174 3470 5220 ,
3528 5137 3610 5200 et
3675 5119 3840 5200 sin·

448 5228 714 5340 gulos,
759 5236 985 5317 utsc
1037 5230 1140 5317 ad
1195 5234 1779 5345 poenitentiam
1838 5236 2519 5345 negligentiarum
2576 5229 3038 5335 faciendam
3093 5228 3558 5345 disponant.
3613 5236 3835 5321 Tum

448 5351 899 5462 genuflexis
970 5354 1368 5438 omnibus
1446 5358 1719 5439 coram
1791 5355 2234 5440 Visitatore
2282 5420 2311 5459 ,
2378 5357 2662 5470 culpas
2729 5385 2913 5439 suas
2965 5351 3249 5437 dicant
3326 5352 3769 5441 ordinatim
3813 5421 3835 5462 ,

447 5468 928 5586 incipiendo
975 5473 1084 5560 ab
1149 5474 1479 5561 Abbate
1530 5475 1744 5580 loci,
1809 5506 2079 5592 usque
2141 5473 2245 5560 ad
2298 5480 2711 5589 juniorem
2764 5470 3305 5577 Monachum,
3374 5500 3453 5561 et
3509 5481 3878 5591 veniam·

445 5617 731 5704 petant
782 5626 822 5679 a
865 5594 1322 5682 ·Visitatore
1356 5659 1385 5698 ,
1454 5598 1600 5712 qui
1670 5598 2014 5706 singulis
2066 5628 2256 5682 cum
2309 5595 2805 5683 discretione
2873 5620 2955 5682 et
3025 5591 3420 5680 charitate
3483 5628 3840 5715 poenam

448 5716 829 5827 injungat
902 5715 1344 5803 salutarem
1385 5780 1406 5801 .
1476 5716 1673 5803 Mox
1724 5714 1967 5806 faciat
2030 5718 2633 5806 absolutionem
2666 5780 2691 5822 ,
2747 5714 3087 5803 dicens:
3160 5715 3398 5829 Deus
3449 5721 3845 5803 miserea-

705 5835 791 5920 T
782 5865 944 5919 om.
976 5834 1094 5921 II.
2562 5838 2718 5945 Bb
2754 5838 2813 5925 b
