4834 6409
1024 589 1170 655 tur
1216 574 1471 656 vestri
1517 588 1668 655 etc.
1735 580 1838 657 ut
1879 601 2117 684 supra
2177 600 2405 657 num.
2472 572 2668 678 IV.,
2719 594 2969 697 atque
3015 577 3369 667 it'a'cum
3434 569 3717 661 osculo
3766 568 3986 686 pacis
4034 560 4395 668 dimittat

1014 690 1799 804 ‚Congregationem
1879 690 2030 776 IX.
2089 693 2168 775 Si
2239 697 2410 805 ipse
2463 693 2893 785 Generalis
2925 760 2951 806 ,
3002 722 3147 787 ant
3197 697 3483 785 Abbas
3537 691 4016 779 Provinciae
4096 685 4399 771 Visita·

1031 814 1335 899 tionem
1387 812 1634 919 facit,
1695 836 1972 901 utatur
2043 816 2526 901 auctoritate
2588 847 2731 904 sua
2799 821 2882 903 in
2948 821 3459 909 correctione
3523 814 3905 916 Abbatis,
3972 831 4055 919 et
4116 808 4407 891 Mona-

1025 932 1432 1044 chorum:
1500 937 1832 1022 sivero
1883 931 2129 1021 fuerit
2189 935 2588 1044 Vicariu5‚
2642 936 2747 1023 ad
2796 940 3435 1028 substituentem
3499 937 3781 1023 omnia
3832 926 4143 1018 referat-
4214 922 4399 1010 Non

1024 1077 1324 1140 tamen.
1366 1052 1783 1143 Abbatem
1839 1055 1993 1140 loci
2046 1053 2458 1166 deponere
2508 1120 2533 1163 ‚
2588 1080 2730 1142 aut
2790 1060 2896 1146 ab
2952 1059 3230 1149 officio
3297 1054 3798 1176 suspendere
3854 1052 4194 1167 poterit,
4253 1046 4404 1131 nisi

1020 1177 1463 1292 specialem
1513 1174 1988 1262 facultatem
2047 1174 2430 1263 habuerit
2479 1211 2521 1262 a
2575 1177 3233 1294 Congregatione
3283 1181 3990 1292 Hegumenorum.
4035 1163 4290 1278 Quod
4338 1167 4402 1250 si

1024 1300 1459 1406 necessitas
1523 1301 1927 1415 requirat,
1992 1320 2089 1382 ut
2137 1295 2644 1386 Monachum
2723 1299 2830 1388 de
2881 1305 3025 1387 illo
3100 1292 3598 1388 Monasterio
3648 1301 3730 1382 in
3788 1291 4017 1381 aliud
4074 1284 4408 1376 transfe-

1023 1440 1200 1524 rat,
1258 1415 1341 1501 id
1405 1422 1888 1507 auctoritate
1937 1450 2078 1503 sua
2140 1418 2408 1505 facere
2464 1424 2820 1532 poterit,
2883 1426 2947 1509 si
3014 1422 3447 1511 Generalis
3506 1419 3756 1506 fuerit
3805 1480 3829 1522 ‚
3896 1438 4040 1500 aut
4125 1406 4410 1500 Abbas

1022 1537 1556 1625 Provinciae:
1624 1541 1690 1624 si
1741 1569 1939 1628 vero
1988 1537 2406 1651 delegatus
2456 1539 2731 1647 fuerit,
2797 1546 3364 1631 consentiente
3415 1540 3749 1633 Abbate
3802 1539 4011 1641 loci,
4083 1536 4168 1617 in
4236 1559 4403 1651 quo

1022 1682 1148 1748 est
1196 1722 1219 1764 ,
1285 1682 1369 1745 et
1432 1658 1765 1748 Abbate
1812 1664 2290 1748 Monasterii
2342 1727 2366 1769 ‚
2434 1660 2819 1781 adquod
2875 1656 3487 1752 transferendus
3553 1691 3674 1750 est
3722 1655 4239 1756 Monachus,
4320 1645 4407 1734 id

1020 1779 1317 1888 faciet3
1382 1777 1541 1864 illis
1590 1802 1862 1867 autem
1918 1778 2646 1888 dissentientibus,
2698 1817 2871 1871 rem
2925 1783 3031 1871 ad
3082 1782 3598 1898 delegantem
3652 1777 3971 1866 referet.
4025 1775 4138 1861 X.
4181 1772 4410 1857 Haec

1021 1901 1195 1991 fere
1256 1917 1515 2003 sunt,
1581 1897 2070 2018 dequibus
2160 1906 2548 1994 Visitator
2628 1907 3049 2025 inquirere
3112 1905 3388 1993 debet.
3455 1914 3593 1996 An
3657 1900 3961 2012 singuli
4037 1893 4406 1984 debitam

1019 2019 1335 2110 Abbati
1385 2017 1943 2109 obedientiam
1996 2023 2460 2112 exhibeant.
2493 2029 2627 2113 An
2682 2025 2963 2115 Abbas
3014 2023 3291 2115 officio
3339 2059 3491 2113 suo
3540 2054 3725 2134 erga
3777 2049 4065 2108 omnes
4115 2046 4409 2132 aequa-

1019 2148 1208 2232 liter
1256 2163 1560 2226 utatur.
1629 2146 1762 2229 An
1831 2145 2378 2253 inter‘omnes
2418 2211 2440 2253 ,
2508 2171 2592 2233 et
2665 2148 3029 2260 singulos
3094 2178 3309 2261 pax,
3375 2172 3460 2235 et
3509 2140 3948 2249 concordia
4014 2158 4407 2224 servetur.

1019 2268 1155 2351 An
1209 2264 1315 2345 sit
1365 2262 1658 2380 aliquis
1712 2268 2292 2379 proprietarius
2373 2271 2459 2353 in
2504 2267 3006 2357 Monasterio
3056 2331 3082 2375 ,
3131 2270 3263 2357 vel
3316 2264 3844 2355 scandalosus
3882 2325 3907 2367 ‚
3978 2260 4397 2359 ebriosae,

1020 2383 1326 2469 otiosus
1363 2444 1386 2488 ‚
1454 2404 1821 2469 assuetus
1871 2388 2145 2499 jurare
2180 2451 2212 2492 ,
2264 2388 2399 2474 vel
2451 2391 2719 2503 turpia
2774 2390 3033 2508 loqui,
3102 2413 3429 2476 notatus
3478 2387 3586 2475 de
3635 2405 4012 2498 suspecta
4064 2375 4407 2463 familia·

1007 2508 1265 2591 'ritate
1316 2505 1556 2610 intra,
1596 2504 1729 2590 vel
1779 2529 1996 2591 extra
2049 2506 2675 2616 Monasterium,
2707 2540 2901 2597 cum
2944 2507 3338 2597 scandalo
3387 2511 3644 2596 alium
3698 2536 3866 2592 non
3917 2502 4346 2617 alloquens
4376 2557 4402 2600 ‚

1019 2629 1380 2729 rixosus,
1449 2627 2116 2713 contumeliosus.
2180 2630 2318 2715 An
2371 2628 2475 2715 ab
2537 2630 2923 2717 omnibns
3001 2631 3553 2718 observentur.
3612 2624 3925 2738 Regula
3962 2685 3988 2729 ‚
4057 2643 4140 2707 et
4188 2617 4415 2704 Con·

1017 2748 1492 2833 stitutiones*
1534 2744 1812 2866 quoad
1887 2747 2296 2834 Divinum
2365 2749 2765 2839 Officium
2820 2817 2845 2859 ,
2910 2750 3538 2839 confessionem
3589 2815 3614 2855 ,
3668 2742 4403 2843 Communionem,

1022 2867 1507 2954 Orationem
1575 2866 2032 2955 Mentalem
2080 2933 2103 2977 ,
2171 2868 2602 2987 Jejuninm
2656 2938 2680 2983 ,
2766 2872 3323 2961 Refectorium
3373 2936 3403 2977 ,
3481 2870 3921 2958 Silentium
3972 2928 3998 2969 ‚
4090 2860 4415 2977 aliaque

1018 2987 1663 3075 Communitatis
1714 2985 2032 3075 officia:
2102 3013 2186 3076 et
2256 2991 2681 3108 quomodo
2730 3000 2934 3083 ritus
2969 3056 2995 3102 ‚
3076 3016 3157 3080 et
3209 2994 3724 3080 ceremoniae
3781 2981 4413 3072 Ecclesiasticae

1019 3110 1581 3196 observentur.
1653 3111 1785 3192 An
1864 3109 2180 3229 aliquid
2247 3108 2462 3199 desit
2507 3178 2537 3218 ,
2609 3117 2743 3203 vel
2802 3115 3320 3230 superfluum
3383 3118 3488 3201 sit
3551 3116 3637 3197 in
3721 3110 3977 3194 Victu
4026 3167 4053 3211 ,
4121 3102 4335 3185 Potu
4385 3162 4413 3206 ,

1016 3233 1407 3338 Vestitu3
1468 3251 1553 3315 et
1601 3226 2026 3347 quomodo
2079 3255 2533 3319 tractentur
2581 3237 2688 3322 ab
2741 3235 3070 3327 Abbate
3118 3296 3143 3339 ,
3208 3257 3377 3320 tam
3440 3228 3838 3320 Monachi
3889 3227 4096 3330 sani,
4148 3251 4407 3341 quam

1019 3349 1402 3452 Infirmi,
1456 3370 1542 3434 et
1590 3349 1998 3462 Hospites.
2067 3351 2517 3460 Quomodo
2568 3356 2963 3446 Monachi
3016 3358 3385 3470 juniores
3462 3357 3974 3439 instruantur
4021 3380 4046 3454 3
4107 3366 4194 3429 et
4261 3342 4412 3459 qui

967 3553 973 3558 .
1016 3475 1194 3559 sint·
1235 3497 1500 3559 mores
1547 3468 2118 3578 saecularium,
2158 3478 2300 3593 qui
2351 3499 2550 3563 sunt
2599 3479 2680 3562 in
2718 3476 3177 3562 Ministerio
3238 3473 3674 3563 Coenobii.
3739 3471 3896 3556 xl.
3966 3467 4177 3551 Acta
4231 3493 4410 3548 om·

1019 3598 1154 3680 nia
1220 3626 1261 3679 a
1318 3591 1772 3689 Secretario
1819 3615 2152 3706 excepta
2191 3652 2214 3699 ‚
2290 3594 2747 3716 Sigilloque
2806 3600 3127 3683 munita
3170 3599 3280 3682 ‘in'
3331 3595 3834 3703 Artivium
3888 3583 4236 3674 Ordinis
4287 3585 4415 3669 in·

1018 3713 1280 3800 ferat:
1327 3731 1436 3797 ,et
1499 3712 1565 3795 si
1619 3709 1998 3796 Vicarius
2047 3776 2070 3818 ‚
2151 3718 2324 3799 sive
2376 3714 2829 3833 Delegatus
2876 3717 3130 3805 fuerit
3173 3780 3197 3827 ,
3255 3716 3362 3803 ad
3416 3718 3831 3802 Abbatem
3882 3702 4411 3808 Generalem‚

1019 3836 1152 3922 vel
1210 3833 1692 3918 Provinciae
1769 3829 2090 3921 referat.
2181 3834 2380 3921 XII.
2452 3837 2815 3926 Omnem
2894 3870 3229 3959 operam
3282 3835 3733 3943 adhibeat,
3802 3856 3900 3920 ut
3973 3853 4256 3948 pacem
4323 3843 4413 3910 et

1025 3951 1553 4043 concordiam
1619 3953 1702 4037 in
1769 3951 2280 4043 Monasterio
2332 3956 2775 4079 relinquat.

1984 4196 2067 4281 P
2121 4199 2219 4285 A
2273 4198 2345 4283 R
2407 4201 2477 4287 S
2602 4200 2686 4318 Q
2756 4204 2850 4289 U
2898 4203 2957 4289 I
3006 4199 3116 4289 N
3175 4198 3259 4286 T
3309 4198 3426 4293 Α

2439 4442 2508 4528 C
2578 4446 2653 4530 A
2719 4443 2809 4528 P.
2924 4444 3033 4529 1..

2164 4684 2305 4769 De
2368 4632 2774 4772 Processu
2834 4687 2900 4775 J
2892 4682 3293 4805 udiciali„

1148 4917 1369 5005 Cum
1448 4914 2053 5010 Monachorum
2115 4955 2407 5013 causae
2458 4926 3134 5042 a·Superioribus
3200 4918 3698 5041 judicandae
3746 4922 3971 5027 sint,
4040 4947 4416 5004 commua

1024 5040 1153 5124 nis
1222 5035 1428 5126 ordo
1473 5035 1526 5122 J
1532 5037 2004 5129 udiciorum'
2047 5070 2441 5132 servetur.
2512 5047 2577 5133 Ι.
2629 5046 2678 5133 J
2692 5046 2902 5153 udex
2955 5048 3502 5136 Secretarium
3553 5063 4063 5158 praesentem
4112 5034 4417 5124 habeat

1024 5160 1132 5246 ab
1184 5162 1360 5276 ipso
1396 5224 1421 5268 ‚
1489 5181 1635 5271 aut
1682 5193 1729 5246 a
1774 5167 2068 5280 majori
2120 5167 2561 5283 Superiore
2612 5167 3087 5282 eligendum
3128 5232 3153 5275 ‚
3207 5169 3353 5285 qui
3404 5165 3759 5252 examini
3808 5158 4022 5273 adsit
4053 5222 4081 5265 2
4146 5181 4231 5247 0¹³
4278 5153 4408 5243 di·

1025 5306 1153 5370 cta
1205 5277 1942 5369 examinandorum
2013 5289 2419 5402 excipiat,
2490 5312 2579 5377 et
2649 5294 3144 5380 sententiam
3227 5287 3551 5374 scribat.
3616 5282 3726 5370 ll.
3794 5278 4226 5383 Judicium
4286 5279 4415 5363 in-

1023 5398 1641 5492 troducendum
1691 5406 1848 5490 erit
1891 5405 2027 5493 vel
2092 5439 2238 5524 per
2287 5412 2895 5502 accusationem
2946 5476 2971 5522 ,
3022 5410 3161 5500 vel
3211 5439 3357 5524 per
3418 5404 4205 5506 denunciationem,
4256 5397 4410 5486 *Vel

1024 5554 1173 5642 per
1222 5517 1899 5612 diffamationem.
1955 5526 2041 5613 Si
2085 5559 2237 5646 per
2285 5536 2895 5623 accusationem
2942 5560 3370 5650 processus
3421 5523 3887 5633 inchoetur,
3916 5522 4187 5614 certus
4231 5548 4410 5621 esse

997 5644 1285 5737 ‚debet
1332 5663 1758 5748 accusator
1781 5708 1815 5752 ,
1865 5666 1950 5735 et
1997 5651 2260 5768 capita
2312 5657 2857 5745 accusationis
2909 5673 3331 5775 porrectae
3379 5679 3525 5737 sua
3579 5676 3836 5736 manu
3885 5640 4348 5751 subscribat
4386 5703 4408 5725 .
