4834 6409
1370 328 1411 367 0

3594 507 3640 561 2

395 646 748 747 quatuor
796 613 1086 705 famuli
1150 608 1565 731 stipendio
1621 603 2079 712 conducti,
2154 632 2455 719 nempe
2505 600 2851 722 Coquus
2898 663 2923 709 ,
3001 624 3086 691 et
3133 608 3313 723 ejus
3382 499 3764 721 adjutogiJ,

397 749 728 851 sartor,
783 763 867 829 et
921 738 1189 822 Sutor.
2499 836 2514 845 ,

1807 850 1946 934 De
2004 850 2373 935 Rectore.

527 1106 594 1203 S.
672 1096 803 1185 16.
870 1095 1089 1182 Cum
1141 1124 1305 1180 non
1361 1090 1612 1179 modo
1660 1089 2026 1176 Rectoris
2062 1085 2433 1173 officium
2481 1088 2583 1172 sit
2632 1119 2767 1195 ea,
2823 1116 3034 1202 quae
3086 1084 3190 1171 ad
3243 1083 3771 1173 domesticam
3823 1093 4162 1202 Rectorex
4211 1172 4224 1195 ι

407 1222 762 1331 Collegii
830 1215 1398 1330 disciplinam,
1464 1211 1608 1297 sed
1660 1213 1905 1296 etiam
1958 1240 2171 1327 quae
2221 1205 2325 1289 ad
2377 1229 2680 1295 rectam
2736 1205 3212 1294 reddituum
3266 1205 3776 1293 administra·
3799 1186 3972 1252 ¹²³¹¹⁸
4009 1184 4118 1341 (ἔθ’

411 1347 727 1428 tionem
778 1339 1246 1452 pertinent,
1313 1363 1729 1436 exercere,
1783 1331 1867 1412 in
1920 1359 2086 1444 quo
2136 1329 2484 1412 maxima
2538 1333 2979 1446 requiritur
3029 1327 3350 1413 solertia
3404 1325 3507 1412 ad
3560 1359 3780 1413 com·
3802 1300 4021 1345 sumen
4068 1299 4160 1343 ω’

409 1456 857 1575 pescendas
919 1457 1488 1540 Ministrorum
1541 1452 2106 1535 oeconomiam
2157 1451 2711 1531 exercentium
2779 1443 3161 1553 fraudes,
3237 1470 3484 1564 atque
3548 1450 3781 1532 incu-

411 1585 616 1666 riam
657 1641 681 1684 ,
747 1607 844 1660 ex
914 1575 1220 1691 quibus
1274 1573 1740 1680 Collegium
1806 1594 1971 1652 non
2039 1569 2219 1653 leve
2269 1567 2461 1650 tulit
2511 1565 3156 1669 detrimentum,
3222 1565 3576 1683 ideoque
3626 1590 3784 1652 sta-

410 1704 725 1784 tuimus
763 1756 786 1798 ,
845 1696 1507 1805 ut'imposterum
1558 1684 2010 1802 deputandi
2063 1690 2226 1770 sint
2277 1687 2664 1773 Rectores
2717 1687 2943 1791 Itali,
2999 1684 3456 1770 dummodo
3509 1710 3782 1773 tamen

416 1850 513 1904 ex
564 1818 725 1899 PP.
786 1814 1211 1899 Societatis
1276 1843 1442 1895 non
1497 1808 1705 1894 adsit
1755 1805 2127 1915 Anglus,
2195 1809 2338 1923 qui
2391 1805 2538 1889 diu
2591 1812 2673 1890 in
2730 1806 2960 1891 Italia
3013 1831 3377 1892 versatus
3431 1811 3779 1920 reperia-

414 1961 552 2023 tur
601 1933 952 2020 idoneus
1004 1929 1107 2016 ad
1159 1930 1529 2016 officium
1595 1929 2073 2012 Rectoratus
2141 1923 2689 2011 exercendum
2740 1992 2768 2030 ,
2831 1923 2976 2011 sed
3053 1956 3241 2010 cum
3296 1926 3387 2009 P.
3442 1924 3782 2011 Henrici

424 2053 792 2141 Sheldon
865 2053 1149 2158 zelus,
1231 2075 1314 2136 et
1373 2046 1772 2134 industria
1838 2049 1919 2128 in
1975 2045 2197 2131 dicto
2274 2042 2551 2130 officio
2630 2048 2867 2133 nobis
2918 2048 3424 2150 innotescat,
3493 2044 3790 2131 confir·

419 2173 823 2260 mandum
890 2176 1065 2256 'es‘s'e
1118 2171 1503 2255 duximus
1559 2198 1703 2284 per
1752 2162 1979 2250 aliud
2043 2169 2545 2272 triennium,
2604 2190 2688 2252 et
2736 2168 2947 2251 ultra
3000 2189 3408 2285 quatenus
3461 2165 3789 2280 expedi-

426 2326 517 2381 re
565 2292 1018 2379 videbitur.

549 2413 1073 2527 Injuugimus
1138 2410 1463 2494 Rectori
1548 2412 1721 2522 pro'
1774 2431 2145 2519 tempore
2209 2411 2581 2492 existenti
2655 2410 2930 2492 omnia
3007 2402 3112 2492 ad
3163 2436 3405 2490 suum
3486 2436 3792 2489 munus

427 2538 873 2645 spectantia
929 2595 952 2633 ,
1035 2554 1118 2616 et
1168 2531 1252 2612 in
1296 2528 1875 2642 'praesentibus
1932 2525 2307 2612 Decretis
2367 2558 2516 2639 per
2567 2557 2713 2612 nos
2796 2527 3102 2612 sancita
3135 2589 3158 2631 ,
3226 2548 3656 2630 accurate,
3711 2548 3795 2609 et

430 2652 867 2763 dili-genter
916 2649 1367 2761 adimplere
1398 2712 1423 2753 ,
1496 2671 1579 2733 et
1629 2677 1778 2729 suo
1827 2648 2201 2759 exemplo
2264 2649 2555 2732 ceteris
2605 2677 3027 2759 praeesse,
3077 2670 3172 2731 ut
3222 2647 3796 2764 unusquisque

432 2807 493 2858 a.
532 2772 713 2857 Deo
765 2770 866 2856 ad
930 2770 1530 2876 Evangelicum
1586 2797 1790 2880 opus
1859 2767 2307 2877 Apostolici
2393 2768 2746 2850 instituti
2814 2788 3211 2870 vocatus,
3297 2796 3537 2848 suum
3614 2795 3795 2849 mu-

440 2924 594 2976 nus
627 2954 650 2996 ,
713 2890 817 2976 de
891 2921 1059 3005 quo
1110 2892 1262 2973 erit
1323 2890 1524 2973 Deo-
1573 2890 1967 2973 rationem
2020 2883 2493 2970 redditurus
2532 2947 2557 2989 ,
2624 2915 2870 3002 quam
2923 2883 3358 2997 diligenter
3408 2884 3796 2968 absolvat.

1246 3128 1383 3209 De
1438 3128 1919 3232 Ministro,
1990 3143 2071 3207 et
2142 3123 2580 3238 Praefecto
2640 3130 3011 3239 spiritu&

560 3368 628 3463 §-
691 3394 827 3477 17.
892 3360 1152 3446 Patris
1195 3362 1549 3448 Ministri
1602 3363 2070 3474 vigilantiae
2121 3365 2707 3466 committitur,
2747 3387 2841 3448 ut
2890 3365 2994 3448 ab
3047 3365 3430 3450 Alumnis
3485 3362 3809 3448 Consti-

448 3488 801 3567 tutiones
832 3545 856 3588 ,
928 3512 1079 3567 nec
1155 3513 1320 3568 non
1372 3482 1721 3569 Decreta
1778 3486 1861 3567 in
1926 3487 2330 3597 praesenti
2380 3484 2850 3595 Apostolica
2900 3487 3365 3573 visitatione
3416 3487 3626 3570 circa
3677 3513 3811 3569 eo-

446 3635 630 3686 rum
685 3600 1201 3716 disciplinam
1254 3628 1568 3690 exarata
1607 3666 1630 3708 ,
1697 3600 2187 3688 adamussim
2243 3604 2843 3714 observentur,
2898 3627 2982 3690 et
3029 3604 3428 3691 Praefecti
3481 3605 3810 3718 spiritus

446 3726 599 3827 sit,
656 3721 964 3805 nedum
1020 3722 1200 3807 illos
1248 3722 1506 3807 solida
1556 3725 1860 3837 pietate
1911 3723 2338 3831 imbuere,
2408 3722 2554 3808 sed
2629 3727 2873 3807 etiam
2960 3727 3046 3807 in
3111 3725 3484 3841 quolibet
3533 3752 3819 3809 mense

445 3842 777 3953 speciali
833 3845 1371 3929 instructione
1422 3846 1537 3927 eis
1586 3873 2042 3957 proponere
2087 3909 2118 3950 ,
2197 3875 2408 3960 quae
2460 3843 2975 3927 Missionario
3052 3842 3354 3931 decent
3388 3908 3412 3951 ,
3478 3865 3561 3929 et
3608 3873 3822 3959 quae

449 3965 612 4044 sint
657 3965 1005 4160 virtutgs
1069 3961 1570 4049 excolendae
1606 4025 1636 4066 ,
1688 3987 1771 4050 et
1821 3966 2036 4081 quae
2083 3967 2281 4051 vitia
2332 3999 2376 4049 a
2429 3966 2722 4052 vineae
2777 3961 3096 4047 Christi
3147 3965 3461 4050 cultore
3508 3967 3817 4078 praeci·

453 4109 617 4191 pue
682 4103 905 4163 vitan
972 4112 1041 4162 a.

1791 4323 1931 4407 De
2000 4328 2483 4441 Magistris.

570 4558 640 4659 §-
716 4558 845 4644 18.
905 4559 1102 4643 Duo
1150 4560 1317 4644 sint
1365 4561 1448 4644 in
1504 4558 1877 4672 Collegio
1927 4563 2290 4673 Magistri
2327 4627 2358 4668 ,
2410 4594 2632 4647 unus
2681 4564 3424 4651 controversiarum
3463 4622 3489 4668 ,
3553 4587 3637 4649 et
3688 4565 3828 4651 Sa-

457 4712 641 4768 crae
694 4682 1162 4792 Scripturae
1201 4743 1224 4785 ,
1291 4681 1496 4766 altor
1547 4680 2046 4793 Theologiae
2098 4683 2487 4791 Moralis3
2557 4684 2951 4770 lectiones
3004 4713 3197 4770 vero
3244 4683 3830 4798 proponendae

346 4829 352 4835 ·
458 4802 843 4911 aptentur
907 4800 1237 4915 speciali
1324 4800 1708 4886 Instituto
1774 4803 2172 4913 Anglicae
2270 4806 2733 4910 missionis,
2825 4803 2927 4888 ad
2998 4833 3247 4924 quam
3312 4835 3458 4918 per
3552 4802 3830 4921 Jusju-

460 4922 812 5001 randum
866 4918 1212 5005 fuerunt
1274 4922 1587 5006 alumni
1653 4919 2003 5009 feliciter
2061 4926 2352 5009 vocati.
3465 4960 3470 4965 ·
3695 5010 3702 5017 .

484 5080 497 5089 ·
582 5037 968 5146 Magister
1035 5038 1771 5126 controversiarum
1872 5047 1976 5129 sit
2040 5046 2281 5127 etiam
2337 5039 2806 5129 Praefectus
2855 5038 3313 5127 studiorum
3380 5063 3464 5126 et
3542 5038 3833 5129 sedulo

458 5159 821 5272 inquirat
859 5155 967 5241 de
1016 5155 1398 5270 profectu
1446 5157 1959 5247 studentium
1993 5226 2023 5267 ,
2074 5186 2323 5279 atque
2372 5193 2512 5248 eos
2571 5162 3204 5275 particularibus
3256 5185 3623 5247 exerceat
3667 5161 3835 5248 dis·
3953 5244 3976 5249 -

462 5272 1056 5389 putationibus»,
1098 5280 1267 5360 suis
1347 5284 1731 5389 congruis
1783 5284 2289 5392 temporibus
2343 5274 2944 5395 praefiniendis.

587 5395 976 5504 Magister
1037 5395 1538 5508 Theologiae
1588 5400 1922 5486 Moralis
1959 5399 2258 5489 habeat
2304 5434 2514 5486 onus
2554 5398 2974 5516 repetendi
3029 5400 3466 5489 Lectiones
3515 5400 3599 5487 in
3651 5402 3845 5488 Col·

469 5518 682 5626 legio
734 5517 1115 5601 Romano
1185 5514 1505 5604 auditas
1555 5552 1599 5604 a
1651 5521 2044 5633 LogiciS,
2101 5545 2184 5608 et
2243 5521 2826 5635 Metaphisicis.
3007 5584 3014 5591 -

719 5637 804 5720 T
793 5637 1081 5721 omJI.
2450 5646 2460 5655 '
2800 5641 2866 5725 Ρ
2901 5674 2957 5756 p
