4834 6409
421 641 591 700 non
646 606 921 696 metiti
973 601 1113 698 fel·-
1144 611 1327 691 :iec-
1381 601 1839 710 Glementis
1874 603 2173 720 Papae·
2232 602 2391 689 XI.
2455 601 3112 692 Praedecessoris
3173 518 3812 696 itidem-‘nosig

411 730 680 820 Nobis
724 730 1414 845 strimevn-mae
1460 727 1925 811 insistentes
1954 789 1991 832 r
2032 723 2140 814 de
2188 722 2677 812 eorumdem
2729 726 3354 816 Venenabilzium
3407 729 3806 818 Fnatru'm

416 875 895 940 nostrornm
968 847 1367 954 cdnsilio,
1431 868 1527 933 et
1565 875 1971 953 assensu,
2035 878 2132 933 ac
2180 846 2767 936 ‹tt-iambicum
2803 851 3202 964 proprio,
3265 873 3349 935 et
3397 869 3512 938 ex·
3573 873 3804 938 certa

423 975 765 1061 scientia
818 972 1142 1073 nostuis,
1181 964 1455 1088 d‘eq‘ue
1504 966 2041 1081 apostolicae,
2080 971 2502 1082 potestatis
2549 967 3076 1083 plenitudine
3122 973 3602 1080 omnia-yet·
3632 972 3802 1056 sin-

428 1095 619 1208 gula
681 1093 900 1178 bona
948 1088 1524 1174 Ecclesiastica
1578 1091 2183 1206 cujuscumque
2248 1090 2720 1208 qualitatis,
2771 1093 3253 1209 quantitatis
3286 1147 3326 1196 ,·
3365 1114 3466 1178 et·
3498 1089 3803 1182 valoris

429 1219 518 1300 in
570 1214 937 1300 Ducatu·
973 1209 1369 1295 Saxoniae
1418 1209 1765 1327 aliisque
1838 1205 2295 1295 ditionibus
2374 1231 2832 1296 memorato
2894 1210 3273 1322 Augusto
3335 1211 3615 1323 Regi,-
3665 1221 3794 1301 uti

430 1335 833 1421 Saxoniae
879 1331 1097 1416 Duci
1161 1330 1557 1444 subjectis
1620 1329 2215 1436 consistentia-5
2267 1334 2908 1445 praeteriwrum
2955 1354 3438 1445 temporum·-
3509 1328 3793 1417 confu-

423 1458 655 1540 sione
704 1474 1101 1565 occupata
1133 1513 1159 1556 ,
1222 1451 1442 1535 sicut
1489 1452 2042 1565 pra-emittitur
2067 1515 2099 1553 ,
2147 1448 2584 1537 modernis·
2640 1473 2938 1538 eorum?
2977 1447 3578 1566 possessoribus
3641 1479 3796 1538 seu-

428 1572 1008 1662 'detentoribus
1050 1572 1436 1679 cujusvis
1481 1592 1792 1676 status,
1854 1568 2215 1681 gradus»,
2275 1569 2680 1680 ord-inis,
2733 1570 3211 1685 dignitatis,
3271 1569 3802 1676 condi-tionis,

426 1717 511 1782 et
557 1694 1206 1811 praeminentiae
1254 1688 1564 1777 fuerint
1601 1753 1624 1795 ,
1659 1694 1806 1811 qui
1857 1688 1964 1776 ad
1998 1690 2492 1782 Catholicae*
2519 1694 2943 1783 Ecclesiae
2993 1696 3399 1779 unitatem
3448 1691 3627 1808 jam:
3672 1722 3820 1780 re-·

428 1814 821 1921 dierunt,
890 1813 1023 1899 vel
1094 1815 1191 1897 in·
1230 1835 1651 1925 posterum
1733 1808 2182 1919 redierint,
2243 1837 2703 1936 eorumque
2763 1815 3382 1901 successoribus·
3447 1812 3796 1933 quibus·

443 1967 807 2055 cumque
858 1932 1383 2039 Catholicis,
1438 1956 1524 2020 et
1569 1936 1653 2018 in
1705 1935 2176 2020 sinceritate
2222 1933 2724 2023 orthodoxae
2800 1933 3036 2022 Fidei
3086 1933 3803 2050 perseverantibus

432 2089 601 2143 uua
661 2087 855 2142 cum
908 2052 1314 2139 fructibus
1365 2055 1771 2167 perceptis
1821 2052 2117 2138 harum
2167 2059 2374 2143 serie
2426 2054 2533 2143 de
2579 2057 2955 2170 specialis
3003 2053 3230 2141 dono
3280 2056 3586 2166 gratiae
3635 2053 3811 2169 ple-

438 2180 669 2263 narie
721 2176 1213 2263 remittimus
1242 2236 1270 2280 ,
1322 2171 1890 2259 condonamus
1921 2238 1944 2281 ,
1985 2172 2356 2261 cedimus
2385 2239 2410 2284 ,
2451 2200 2534 2264 et
2582 2177 3037 2263 relaxamus
3069 2241 3102 2281 ‚
3153 2174 3568 2294 dictisque
3617 2205 3809 2289 pos·

435 2297 886 2384 sessoribus
922 2359 953 2399 ,
1012 2325 1159 2380 seu
1211 2287 1779 2380 detentoribus
1815 2358 1847 2399 ,
1906 2321 2364 2415 eorumque
2422 2300 3028 2386 successoribus
3056 2361 3090 2402 ,
3152 2320 3249 2383 ut
3296 2297 3451 2412 ipsi
3501 2293 3609 2383 de
3659 2295 3809 2381 bo-

440 2421 565 2502 nis
613 2414 993 2533 praefatis
1045 2439 1461 2535 tamquam
1510 2417 1679 2500 suis
1730 2418 2074 2531 propriis
2111 2480 2143 2519 ,
2205 2439 2375 2503 tam
2428 2420 2645 2506 inter
2691 2421 2923 2507 vivos
2958 2482 2985 2525 ,
3054 2449 3307 2536 quam
3396 2447 3493 2504 ex
3559 2437 3803 2516 causa

439 2540 723 2624 mortis
761 2600 788 2644 ,
851 2559 995 2623 aut
1044 2536 1237 2622 alias
1288 2533 1920 2656 quomodolibet
1969 2534 2409 2651 disponere
2453 2540 2823 2654 possint,
2872 2539 3208 2653 plenam
3243 2600 3270 2645 ,
3323 2559 3405 2624 et
3454 2536 3811 2623 liberam

438 2681 724 2747 tenore
775 2659 1331 2773 praesentium
1404 2656 1846 2741 tribuimus
1894 2654 2438 2761 facultatem,
2502 2682 2588 2746 et
2650 2681 3198 2773 potestatem,
3262 2686 3537 2775 neque
3619 2655 3807 2739 illos

437 2811 588 2893 pro
635 2801 867 2893 parte
919 2775 1153 2863 Sedis
1201 2777 1774 2891 Apostolicae,
1827 2775 2388 2865 Ecclesiarum
2418 2842 2447 2886 ,
2485 2779 3173 2866 Monasteriorum
3205 2841 3230 2885 ,
3285 2801 3369 2865 et
3420 2779 3803 2864 locorum

440 2899 779 2984 Piorum
817 2961 842 3004 ,
897 2920 1039 2983 aut
1088 2895 1619 3009 personarum
1668 2896 2433 2985 Ecclesiasticarum
2484 2896 2590 2984 ad
2641 2931 2884 3019 quaS,
2924 2922 3008 2986 et
3055 2930 3268 3018 quae
3303 2898 3524 2984 bona
3574 2914 3815 3012 prae·

441 3017 662 3104 dicta
713 3018 914 3102 olim
966 3016 1489 3131 pertinebant
1523 3081 1552 3120 ,
1604 3040 1748 3103 aut
1796 3017 2143 3103 aliorum
2196 3021 2682 3138 quorumvis
2732 3022 2817 3105 in
2871 3020 3039 3126 eis,
3093 3051 3238 3106 seu
3289 3015 3397 3104 ad
3457 3049 3551 3105 ea
3616 3019 3798 3133 jus,

446 3138 583 3222 vel
637 3140 1023 3222 interesse
1073 3133 1558 3220 habentium
1598 3198 1623 3241 ,
1675 3168 1818 3222 seu
1869 3135 2175 3227 habere
2237 3137 2952 3252 praetendentium
3008 3142 3322 3226 ratione
3357 3200 3382 3246 ,
3449 3162 3535 3225 et
3584 3167 3817 3224 occa-

441 3261 674 3343 sione
725 3258 1355 3370 praemissorum
1398 3252 1756 3370 ‘desuper
1808 3257 2270 3363 molestari,
2337 3263 2833 3381 inquietari,
2900 3265 3076 3345 aut'
3108 3260 3571 3376 perturbari
3623 3279 3812 3372 pos-

443 3409 530 3464 se
561 3441 585 3488 ,
650 3388 942 3481 motu,
990 3378 1327 3464 scientia
1358 3439 1391 3479 ,
1440 3398 1523 3461 et
1570 3379 1989 3493 potestatis
2039 3378 2562 3497 plenitudine
2607 3382 2947 3498 paribus
2977 3381 3486 3483 statuimus,
3530 3376 3813 3466 decer·

447 3500 730 3583 nimus
768 3561 793 3604 ,
859 3520 940 3582 et
992 3494 1531 3582 declaramus.

570 3617 761 3703 Non·
814 3618 1335 3703 obstantibus
1374 3616 1490 3706 *de
1539 3621 1723 3732 jure
1773 3622 2359 3738 quaesito'non
2416 3619 2783 3710 tollendo
2821 3686 2846 3730 ,
2907 3620 3274 3739 aliisque'
3321 3621 3679 3726 nostris,
3738 3639 3824 3707 et

449 3736 1015 3854 Cancellariae
1090 3739 1611 3850 Apostolicae·
1663 3740 1963 3849 reg'ulis
1999 3802 2027 3852 2
2080 3772 2237 3827 nec
2288 3774 2454 3828 non
2519 3742 3016 3831 recolendae
3075 3744 3542 3828 memoriae.
3579 3739 3820 3855 Sym·
3895 3749 3918 3770 ⁴

452 3858 725 3945 machi
756 3920 797 3966 ,ο
856 3888 1070 3977 quae
1129 3860 1477 3971 incipit:
1543 3855 1745 3944 Non
1821 3859 2080 3965 licet,
2144 3893 2241 3948 ac
2303 3862 2542 3948 Pauli
2625 3861 2993 3950 Secundi
3075 3860 3820 3948 praedecessorum

446 4010 785 4100 quoque
831 4000 1300 4063 nostrorum
1352 3975 1458 4063 de
1496 3977 1743 4063 rebus
1790 3978 2214 4066 Ecclesiae
2263 4013 2430 4066 non
2484 3980 2939 4069 alienandis
2976 4046 3002 4089 ,
3033 4006 3117 4068 et
3153 3982 3586 4099 quibusvis
3633 3977 3812 4066 aliis

453 4100 949 4211 Apostolicis
988 4160 1013 4205 ,
1070 4129 1165 4184 ac
1216 4097 1819 4185 universalibus
1850 4163 1881 4203 ,
1929 4101 2786 4219 provincialibusque,
2838 4125 2921 4189 et
2970 4098 3530 4214 synodalibus
3580 4096 3821 4184 Con-

451 4221 658 4304 ciliis
720 4218 960 4306 editis
994 4284 1026 4324 ,
1079 4217 1648 4329 generalibus,
1706 4219 1843 4304 vel
1914 4220 2405 4334 specialibus
2459 4220 3217 4308 Constitutionibus
3254 4286 3280 4329 ,
3344 4244 3426 4306 et
3476 4217 3812 4306 ordina-

449 4338 819 4430 tionibus
848 4402 873 4447 ,
926 4370 1021 4425 ac
1072 4357 1793 4457 quarumcumque
1842 4339 2403 4426 Ecclesiarum
2437 4404 2462 4447 ,
2511 4339 3216 4427 Mbnasteriorum
3248 4401 3273 4448 ,
3325 4365 3409 4428 et
3444 4339 3819 4427 locorum

450 4459 792 4545 Piorum
846 4457 1474 4546 fundationibus
1512 4520 1538 4563 ,
1601 4490 1697 4544 ac
1748 4461 1991 4544 etiam
2043 4464 2567 4574 juramento,
2618 4459 3245 4549 confirmatione
3297 4462 3817 4576 Apostolic'a,

444 4580 583 4668 vel
634 4582 927 4701 quavis
975 4577 1364 4664 firmitate
1415 4579 1569 4663 alia
1625 4579 2024 4664 roboratis
2057 4642 2089 4682 ,
2151 4585 2528 4688 statutis,
2581 4603 2664 4668 et
2715 4579 3524 4699 consuetudinibus3
3575 4579 3826 4696 privi-

452 4700 694 4812 legiis
764 4730 1155 4822 quoque,
1209 4697 1553 4785 indultis
1589 4761 1615 4806 ,
1686 4722 1770 4786 et
1822 4699 2118 4786 Literis
2174 4702 2664 4814 Apostolicis
2715 4705 2799 4788 in
2855 4704 3355 4789 contrarium
3437 4702 3828 4817 praemis-

446 4841 729 4910 s'orum
790 4817 1422 4941 quomodolibet
1485 4823 1889 4909 concessis
1925 4884 1952 4926 ,
2018 4818 2579 4927 confirmatis,
2643 4846 2728 4911 et
2803 4824 3216 4912 innovatis
3266 4886 3292 4929 ,
3358 4825 3821 4942 ceterisque

464 4945 893 5028 contrariis
944 4940 1648 5058 quibuscumque.
2441 4972 2451 4980 ·

574 5053 972 5150 Ceterum
1044 5089 1472 5175 speramus
1521 5056 1851 5146 eosdem
1902 5064 2375 5173 Augustum
2446 5060 2752 5173 Regem
2791 5126 2819 5170 ,
2855 5087 2969 5149 ‘et
3021 5060 3540 5150 Fridericum
3592 5059 3829 5143 Prin-

458 5185 730 5297 cipem
792 5184 1128 5269 Ducatu
1187 5176 1548 5295 praefato
1596 5178 1702 5265 ad
1750 5211 2044 5266 verum
2092 5181 2252 5267 Dei
2308 5182 2630 5269 cultum
2662 5246 2688 5289 ,
2742 5214 2838 5270 ac
2887 5180 3424 5270 orthodoxam
3478 5174 3771 5264 Fidem
3806 5242 3832 5282 ,

451 5303 836 5410 favente,
918 5333 1015 5392 ac
1064 5296 1621 5388 benedicente
1680 5298 2117 5408 Domino,
2191 5299 2580 5412 redacto,
2659 5333 2814 5419 pro
2894 5333 3186 5391 eorum
3264 5300 3657 5412 singulari
3735 5299 3825 5384 in

465 5423 735 5510 Deum
790 5427 1061 5539 ipsum
1109 5423 1414 5539 pietate
1449 5483 1476 5529 ,
1512 5418 2074 5506 Ecclesiarum
2117 5419 2517 5536 praedicti
2567 5424 2946 5511 Ducatus
2996 5425 3348 5510 rationes
3385 5485 3412 5531 ,
3477 5441 3561 5508 et
3611 5437 3836 5507 co'm-

460 5542 707 5631 ,moda
746 5574 1083 5663 semper
1128 5557 1395 5647 cura,
1461 5564 1547 5630 et
1607 5537 1836 5632 cordi
1892 5539 2319 5632 habituros
2355 5606 2380 5650 ,
2474 5561 2557 5634 et
2616 5555 3028 5667 quantum
3103 5546 3192 5629 iu
3244 5545 3361 5632 ei's
3410 5545 3568 5632 erit
3643 5567 3837 5660 pro·

466 5687 855 5754 moturos·
3311 5701 3318 5710 ’
