4834 6409
592 1595 637 1631 N.

620 1624 1013 1712 “Exci-dium
1164 1536 1414 1712 Pro
1463 1654 1844 1740 suprema
1899 1620 2382 1711 Catholicae
2429 1626 2855 1713 Ecclesiae
2938 1612 3584 1741 procuratione,
3648 1654 3897 1742 quam
3975 1622 4407 1716 Pastorum

1020 411 1211 505 ‘236

1016 622 1025 633 ,
1114 531 1572 629 Extende
1618 528 1949 623 Indulti
1992 534 2100 618 ab
2122 582 2133 591 ·
2158 529 2504 621 Urbano
2553 532 2656 626 V
2640 530 2830 622 HL,
2875 556 3035 647 pro
3109 533 3500 623 alumnis-
3529 596 3558 638 ,
3637 548 3732 629 et,
3791 529 4395 629 conviatoribus

1284 654 1650 771 collegii
1698 649 2311 773 Propagandae
2361 652 2619 741 Fidei
2673 659 3042 751 concessi
3086 652 3204 740 ad
3247 656 3631 749 alumnos
3665 714 3693 760 ,
3757 670 3836 734 et
3897 653 4399 748 convictores

1166 834 1174 851 .
1265 804 1426 887 pro
1472 774 1958 859 Sinensibus
1980 836 2004 880 ,
2056 790 2137 858 et
2186 772 2426 869 Indis
2450 798 2458 809 “
2484 776 2848 893 Collegit·
2890 774 2979 867 S.
3025 778 3119 862 F
3108 776 3461 863 ansillae
3506 775 3722 864 Jesu.
3765 771 4087 857 Christi
4137 773 4231 875 in
4275 774 4391 858 Οἱ*

1281 898 1538 979 vitate
1594 892 2141 1008 Neapolitan.
2195 901 2475 979 erecti.
2875 896 2888 905 ‘
3515 962 3520 969 -

1657 1084 3363 1318 CLEMENSP'APA
3475 1134 3815 1291 ΧΠ.

1852 1438 1859 1445 ·
1975 1380 2130 1470 Ad
2176 1400 2678 1498 pet-petuam
2736 1388 2867 1472 rei
2921 1387 3449 1470 memoriam.

1036 1745 1433 1861 Princeps
1479 1745 1717 1832 Jesus
1768 1742 2148 1831 Christus
2198 1745 2591 1832 altissimo
2641 1744 2976 1832 divinae
3023 1743 3590 1859 providentiae
3637 1778 3838 1832 suae
3870 1744 4213 1831 consilio
4239 1739 4408 1827 No-

1034 1867 1165 1953 bis
1214 1866 1462 1981 plane
1512 1865 2140 1952 immerentibus
2192 1865 2528 1953 credere
2578 1862 2962 1979 dignatus
3013 1890 3187 1971 est,
3253 1888 3649 1983 tanquam
3697 1863 3983 1953 fideles
4046 1858 4408 1978 pruden-

1034 2010 1326 2103 tesque
1376 1984 1972 2100 dispensatores
2003 1989 2459 2101 ‚praecipua
2510 1988 3032 2102 Apostolicae
3080 1986 3666 2096 benignitatis,
3733 1986 4406 2099 auctoritatisque

1037 2128 1521 2219 argumenta
1556 2107 1652 2192 iis
1703 2110 2217 2220 potissimum
2257 2109 2571 2218 ingenti
2625 2140 2816 2193 cum
2868 2103 3282 2190 Pontificii
3339 2104 3611 2191 cordis
3662 2107 3969 2195 laetitia
4020 2103 4407 2189 exhibere

1035 2230 1525 2337 satagimus,
1590 2229 1735 2344 qui
1786 2229 1872 2311 in
1944 2224 2241 2313 diebus
2311 2232 2659 2341 nostris,
2727 2228 2987 2329 veluti
3039 2251 3672 2339 cooperatores,
3737 2249 3823 2313 et
3884 2222 4403 2338 coadjutores

1024 2349 1122 2433 -in
1177 2348 1605 2433 ministerii
1658 2348 1916 2432 nostri
1991 2377 2197 2461 opus
2283 2381 2327 2432 a
2379 2346 2645 2434 Nobis
2721 2345 3076 2453 adsciti,
3143 2369 3226 2432 et
3291 2348 3714 2433 constituti
3792 2349 3879 2430 in
3965 2339 4406 2430 excolenda

1031 2466 1300 2555 Vinea
1347 2467 1511 2554 Dei
1563 2464 1988 2553 Sabbaoht
2036 2498 2184 2584 per
2234 2466 2722 2555 universum
2803 2492 3209 2565 terrarum
3261 2456 3549 2555 orbem
3616 2467 3981 2583 plantata
4060 2463 4406 2550 alacrius

1032 2584 1515 2675 adlaborare
1561 2610 1972 2704 pergunt,
2040 2613 2291 2708 atque
2328 2583 2892 2676 contendunt.
3313 2691 3323 2701 „
3465 2660 3470 2671 .

737 2712 958 2824 Capitp
1149 2719 1224 2816 S.
1299 2742 1373 2797 1.
1439 2709 1772 2823 Exponi
1856 2709 2267 2827 siquidem
2324 2710 2563 2797 nobis
2616 2742 2882 2825 nuper
2964 2706 3162 2794 fecit
3210 2707 3566 2795 dilectus
3623 2703 3850 2795 filius
3936 2702 4408 2792 Matthaeus

652 2827 1241 2965 ⁰⁰⁰⁰⁶⁸2fffRipa
1283 2891 1306 2936 ,
1374 2826 1857 2933 Fundator‚
1925 2853 2011 2916 et
2073 2826 2528 2917 modernus
2595 2831 3046 2947 Superior,
3115 2861 3210 2915 ac
3288 2829 3588 2914 Rector
3664 2823 4404 2937 Congregationis,

641 2922 911 3059 aaa„
986 2971 1117 3059 ,et
1166 2947 1514 3061 Collegii
1569 2948 1727 3032 sub
1781 2952 2307 3036 invocatione
2362 2948 2655 3038 Sacrae
2734 2950 3128 3037 Familiae
3198 2947 3396 3039 Jesu
3459 2945 3767 3031 Christi
3845 2969 4065 3032 extra
4133 2976 4420 3032 muros·

638 3083 814 3150 Vm.
861 3083 1005 3148 alu·
1033 3067 1412 3157 Civitatis
1474 3068 2065 3180 Neapolitanae
2115 3092 2580 3156 erectorum
2614 3134 2636 3177 ,
2702 3102 3061 3190 quorum
3119 3068 3604 3153 institutum
3657 3094 3802 3178 per
3851 3067 4045 3150 alias
4098 3089 4409 3152 nostras

639 3174 812 3331 {xm-19
837 3175 1117 3332 5⁰¹‘in
1170 3191 1419 3274 simili
1471 3187 1730 3274 forma
1782 3188 2062 3274 Brevis
2113 3188 2385 3276 literas
2437 3188 2792 3307 desuper
2828 3188 2964 3277 die
3014 3223 3094 3306 7.-
3147 3190 3456 3302 Aprilis
3514 3187 3769 3302 1732.
3823 3183 4237 3302 expeditas
4274 3219 4413 3302 ap-

648 3287 808 3423 lffisi
865 3288 969 3422 [ἔξ
1020 3309 1619 3424 .probavimus;
1686 3338 1780 3403 ac
1855 3306 2233 3394 subinde·
2281 3308 2635 3422 Regulas
2685 3342 3021 3431 quoque
3106 3307 3837 3417 confirmavimus3
3904 3305 4131 3423 quod
4212 3307 4409 3393 alias

643 3462 909 3516 etatum.
1026 3426 1166 3518 fel.
1224 3461 1381 3517 rec.
1442 3429 1836 3517 Urbanus
1886 3428 2122 3513 VIII.
2179 3427 2767 3518 praedecessor
2821 3454 3095 3517 noster
3156 3426 3479 3515 dilectis
3527 3425 3715 3515 filiis
3769 3451 3969 3514 tunc
4006 3490 4030 3533 ‚
4111 3451 4195 3517 et
4254 3457 4404 3542 pro

1029 3575 1398 3665 tempore
1447 3548 1981 3636 existentibus
2032 3551 2440 3657 alumnis,
2508 3576 2586 3639 et
2638 3553 3255 3640 convictoribus
3308 3549 3988 3659 Congregationis
4051 3546 4158 3635 de
4209 3549 4409 3634 Pro·

1024 3669 1398 3788 paganda
1454 3667 1659 3755 Fide
1697 3733 1720 3775 ,
1791 3671 2135 3788 aliisque
2185 3673 2330 3790 qui
2384 3668 2980 3790 quoquomodo
3043 3669 3149 3757 ad
3222 3671 3690 3755 instantiam
3744 3665 4112 3783 ejusdem
4184 3662 4442 3781 Con?

1026 3793 1515 3903 gregationis
1566 3790 1929 3898 Romae,
1979 3792 2113 3876 vel
2169 3789 2973 3887 alibieducarentur
3007 3854 3032 3897 ‚
3097 3815 3194 3877 ut
3241 3792 3394 3905 ipsi
3458 3789 3770 3907 absque
3826 3789 4077 3874 literis
4129 3786 4411 3875 dimis-

1025 3913 1460 3999 sorialibus
1518 3942 1857 3997 suorum
1939 3910 2546 3999 ordinariorum
2584 3976 2611 4018 ,
2671 3906 2760 3999 et
2803 3914 3052 3999 etiam
3105 3915 3280 4001 sine
3334 3911 3599 3995 titulo·
3643 3905 4039 3999 Beneficii
4103 3910 4402 3997 Eccle-

1024 4034 1328 4121 siastici
1367 4096 1392 4139 ,
1462 4056 1604 4119 aut
1655 4032 2136 4117 Patrimonii
2170 4094 2195 4136 ,
2261 4029 2405 4116 sed
2459 4029 2564 4117 ad
2626 4031 2966 4117 titulum
3015 4055 3340 4119 tantum
3423 4032 3827 4132 missionis
3879 4063 3923 4114 a
3999 4060 4400 4147 quocum-

1030 4184 1194 4277 que
1229 4217 1257 4260 ,
1307 4185 1557 4272 quem
1610 4152 2056 4239 maluerint
2118 4150 2553 4238 Catholico
2602 4154 2996 4249 Antistite
3072 4154 3413 4264 gratiam
3452 4213 3477 4256 ,
3543 4171 3627 4236 et
3704 4149 4406 4240 communionem

1026 4271 1264 4365 Sedis
1316 4274 1835 4389 Apostolicae
1916 4271 2336 4378 habente,
2404 4295 2489 4358 et
2571 4274 2655 4361 in
2708 4275 3034 4387 propria
3099 4273 3478 4359 Dioecesi
3559 4267 4030 4376 residente,
4102 4271 4236 4357 vel
4300 4275 4386 4358 iu

1022 4393 1293 4480 aliena
1346 4390 1453 4481 de
1500 4393 1990 4478 Dioecesani
2047 4394 2201 4478 loci
2256 4393 2588 4481 licentia
2640 4391 3154 4480 pontificalia
3203 4413 3636 4481 exercente
3684 4387 3789 4476 ad
3839 4413 4197 4511 quatuor
4245 4393 4407 4479 mi·

1023 4542 1285 4602 nores·
1352 4515 1596 4601 etiam
1652 4514 1905 4602 unico
1982 4511 2273 4617 festivo
2314 4577 2338 4618 ,
2408 4514 2543 4598 vel
2627 4509 2978 4621 feriato,
3035 4540 3367 4606 ‚necnon
3436 4513 3682 4598 etiam
3759 4509 3864 4596 ad
3920 4512 4204 4599 Sacros
4240 4574 4266 4619 ‚
4318 4529 4403 4600 et

1028 4632 1656 4746 Presbyteratus
1704 4631 2065 4720 Ordines
2118 4634 2378 4733 tribus
2434 4632 2934 4739 Dominicis,
2988 4664 3135 4729 seu
3183 4630 3362 4720 aliis
3410 4628 3720 4733 festivis
3758 4693 3782 4737 ,
3822 4653 3907 4718 et
3954 4634 4397 4739 continuis,

1026 4752 1164 4840 vel
1216 4754 1724 4867 interpolatis
1784 4749 2139 4858 diebus,
2200 4757 2447 4839 etiam
2499 4775 2717 4838 extra
2800 4776 3162 4870 tempora
3216 4749 3323 4840 ad
3394 4749 3481 4838 id
3530 4784 3577 4841 a
3641 4755 3827 4866 jure
3904 4773 4258 4860 statuta,
4323 4777 4407 4843 et

1025 4903 1197 4959 non
1261 4876 1597 4959 servatis
1648 4908 1691 4961 a
1742 4876 1991 4961 Sacro
2041 4871 2424 4959 Concilio
2474 4866 2973 4961 Tridentino
3007 4872 3519 4983 designatis,
3561 4874 3928 4990 annique
3980 4875 4404 4961 curriculo

1025 5025 1197 5080 non
1263 5016 1687 5111 expectato
1724 5059 1748 5103 ,
1800 4995 2120 5080 etiamsi
2155 5058 2185 5098 ,
2247 5023 2693 5111 antequam
2749 4988 2854 5078 de
2914 5022 3087 5082 uno
3136 4991 3241 5080 ad
3292 4992 3551 5079 alium
3603 4991 4018 5079 Ordinem
4078 5023 4406 5108 promo·

1025 5116 1486 5222 verentur,
1551 5116 1632 5201 in
1704 5115 1973 5230 primo
2023 5144 2393 5235 quoque·
2445 5134 2825 5228 suscepto
2873 5110 3164 5207 ordine
3227 5144 3314 5201 se
3387 5113 3733 5199 minime
3794 5114 4420 5224 exercuissent,

1029 5257 1175 5322 aut
1224 5234 1575 5353 alicujus
1646 5235 2071 5331 Ecclesiae
2151 5235 2486 5325 servitio
2536 5229 2927 5349 adscripti
2983 5267 3147 5322 non
3212 5256 3543 5341 essent,
3608 5228 4069 5340 dummodo
4131 5256 4409 5327 tamen

1024 5351 1304 5442 forent
1376 5359 1671 5444 aetatis
1709 5355 2174 5467 legitimae,
2255 5385 2349 5440 ac
2401 5354 2596 5440 alias
2646 5351 2975 5463 idonei,
3056 5378 3143 5444 et
3188 5387 3337 5472 per
3386 5355 3839 5442 triennium
3906 5355 4404 5443 continuum

1027 5499 1299 5564 essent
1346 5473 1723 5592 ejusdem
1784 5474 2470 5588 Congregationis
2522 5475 2900 5583 alumni,
2967 5508 3136 5566 seu·
3186 5478 3751 5583 convictores,
3817 5498 3962 5562 aut
4011 5472 4118 5561 ad
4178 5476 4405 5563 illius

1027 5597 1500 5690 instantiam
1552 5595 1930 5704 educati,
1962 5628 2077 5714 §ac
2111 5592 2478 5721 denique
2527 5593 2935 5691 haberent
2967 5599 3241 5692 literas
3296 5596 3874 5692 testimoniales
3925 5594 4423 5710 Rectorum,'
