4834 6409
1054 472 1227 577 242

1048 587 1491 702 praeconia
1541 580 2053 701 comparabit
2096 579 2325 700 apud
2372 579 2914 692 Dominum,
2975 586 3125 704 qui
3173 615 3346 672 non
3399 583 3738 703 respicit
3811 574 4146 669 vultum
4191 570 4456 661 homi·

1066 738 1315 813 num,
1360 735 1641 823 neque
1685 711 1912 821 juxta
1966 705 2326 791 hominis
2385 708 2791 791 intuitum
2839 703 3161 821 judicat
3193 768 3218 811 ‚
3283 729 3369 794 et
3415 706 3774 821 praemia
3841 699 4235 810 largitur,
4298 687 4442 781 sed

1060 858 1206 914 cor
1253 830 1591 913 intuens
1642 858 1808 914 non
1863 824 2307 930 irridetur,
2371 825 2757 913 uberiora
2831 826 2993 912 sibi
3057 828 3539 914 coelestium
3604 823 4189 911 charismatum
4262 845 4447 900 mu-

1061 976 1261 1032 nera
1324 943 1951 1060 promerebitur.
2018 946 2594 1054 Quamobrem
2674 943 2782 1033 de
2825 944 3320 1034 eorumdem
3365 943 3996 1033 Venerabilium
4059 937 4448 1023 Fratrum

1060 1066 1553 1153 Nostrorum
1631 1069 1973 1153 consilio
2050 1065 2747 1153 Frateruitatibur
2827 1069 3116 1154 vestris
3191 1064 3680 1153 mandamus
3728 1129 3754 1171 ‚
3821 1084 3916 1147 ut
3973 1079 4443 1183 praesentes

1055 1213 1374 1273 nostras
1434 1188 1523 1271 in
1562 1183 1822 1273 forma
1860 1188 2143 1273 Brevis
2196 1188 2474 1272 literas
2511 1245 2537 1292 ,
2601 1214 2954 1303 quarum
3004 1189 3398 1303 exemplis
3447 1188 3693 1271 etiam
3735 1181 4146 1298 impressis
4193 1205 4451 1263 manu

1058 1306 1411 1421 alicujus
1458 1304 1776 1392 Notarii
1839 1308 2159 1420 publici
2212 1307 2750 1419 subscriptis,
2815 1330 2901 1392 et
2947 1309 3220 1419 sigillo
3286 1337 3682 1422 personae
3729 1309 3816 1391 in
3867 1296 4448 1395 Ecclesiastica

1068 1422 1472 1537 dignitate
1530 1430 2030 1513 constitutae
2086 1430 2436 1512 munitis
2485 1424 2773 1512 eadem
2828 1456 3160 1544 prorsus
3233 1425 3443 1514 fides
3503 1427 3589 1510 in
3641 1424 4016 1541 judicio,
4079 1441 4166 1502 et
4224 1440 4447 1503 extra

1055 1543 1605 1652 adhibeatur,
1653 1576 1871 1667 quae
1920 1548 2496 1663 praesentibus
2545 1549 2739 1658 ipsis
2789 1543 3322 1634 adhiberetur
3373 1551 3437 1632 si
3489 1546 3764 1641 forent
3807 1540 4219 1629 exhibitae
4248 1592 4280 1643 ,-
4309 1537 4446 1623 vel

1057 1690 1490 1773 ostensae,
1554 1669 2000 1774 omnibus,
2066 1691 2148 1756 et
2210 1666 2559 1779 singulis
2608 1695 2758 1780 per
2809 1667 3166 1754 Scotiam
3251 1665 3787 1752 Missionariis
3865 1684 4099 1748 notas
4175 1654 4444 1742 facere

1062 1790 1365 1872 curetis
1401 1850 1426 1892 ‚
1488 1811 1587 1872 ut
1636 1818 1803 1872 non
1862 1791 2135 1873 solum
2252 1810 2498 1873 nanta
2574 1790 2683 1872 sit
2735 1812 3008 1873 nostra
3070 1819 3258 1900 erga
3305 1784 3643 1873 eosdem
3696 1807 4030 1904 paterna
4079 1778 4450 1884 beneito:

1063 1906 1315 1993 lentia
1347 1969 1372 2013 ,
1409 1929 1492 1992 et
1542 1934 2130 2023 praeconcepta
2246 1941 2291 1994 e
2320 1908 3183 2024 ipsorum‘virtutibus
3229 1910 3518 2022 opinio
3549 1968 3578 2011 ,
3618 1932 3867 2023 atque
3914 1901 4435 2003 existimatio,

1054 2055 1351 2114 verum
1414 2029 1664 2113 etiam
1748 2049 1843 2115 ut
1926 2032 2131 2143 ipsi,
2200 2022 2892 2116 Fraternitatibus
2953 2028 3270 2115 Vestris
3345 2025 3937 2144 praeeuntibus
3985 2085 4013 2127 ,
4080 2021 4436 2108 vicissim

1053 2145 1605 2262 praeinsertae
1680 2144 2043 2235 Decreto
2097 2147 2164 2233 F
2167 2149 2541 2235 ormulae
2589 2146 2897 2233 alacres
2972 2147 3277 2234 iterum
3351 2147 3971 2233 subscribentes
4004 2203 4035 2245 ,
4099 2142 4437 2226 caeteris

1050 2272 1591 2381 imposterum
1643 2265 2233 2376 Missionariis,
2268 2269 2520 2356 etiam
2573 2264 3005 2355 societatis
3044 2264 3246 2354 Jesu
3278 2328 3304 2375 ,
3342 2301 3386 2354 a
3437 2264 3748 2388 quibus
3789 2263 4187 2350 omnibus
4221 2288 4437 2344 eam-

1052 2383 1245 2472 dem
1298 2384 1773 2473 Formulam
1853 2387 2156 2475 futuris
2218 2384 2741 2507 temporibus
2788 2392 3131 2475 omuino
3189 2392 3432 2475 toties
3479 2389 3805 2508 quoties
3887 2414 4100 2499 opus
4181 2374 4435 2464 fuerit

1057 2504 1746 2593 subscribendam
1796 2539 1973 2594 esse
2023 2508 2429 2595 edicimus
2469 2567 2500 2616 ,
2566 2529 2648 2593 et
2677 2512 3132 2595 statuimus
3179 2569 3211 2613 ‚
3269 2510 3648 2623 exemplo
3704 2507 3868 2591 sint
3900 2562 3950 2612 ,p
3995 2525 4246 2621 atque
4311 2500 4438 2583 in-

1056 2629 1526 2713 citamenta
1576 2626 1808 2715 Huic
1892 2659 2089 2716 vero
2138 2628 2585 2716 Formulae
2625 2656 2874 2743 saepe
2922 2623 3192 2716 dictae
3233 2623 3806 2743 ‘adiiciendum
3842 2684 3871 2731 ,
3938 2645 4189 2741 atque
4237 2620 4432 2703 sub·

1053 2743 1595 2833 scribendum
1647 2752 1898 2835 etiam
1972 2750 2145 2836 e‘sse
2199 2768 2629 2864 censemus
2673 2809 2701 2854 ,
2757 2774 3036 2867 neque
3095 2781 3141 2836 a
3200 2749 3440 2836 vobis
3515 2750 3708 2861 ipsis
3777 2748 3868 2830 in
3925 2735 4470 2859 edocendis„

1052 2866 1750 2987 instituendisque
1832 2866 2224 2955 fidelibus
2284 2870 2557 2954 ullum
2638 2896 3012 2986 unquam
3097 2863 3407 2963 factum
3463 2871 3560 2954 iri
3597 2930 3625 2971 ,
3693 2894 3969 2985 neque
4028 2893 4192 2948 vos·
4255 2856 4433 2944 sore

1044 3018 1436 3102 passuros
1488 2989 1597 3074 ab
1642 2989 1826 3073 aliis
1882 3020 2230 3107 quoque
2280 2987 2756 3075 faciendum
2809 3021 3051 3074 usum
3101 2984 3607 3083 Catecbismi
3660 2987 3970 3071 Montis
4034 2979 4438 3097 Pepulani

1049 3108 1587 3225 quocumque
1634 3130 2060 3223 tempore,
2120 3106 2641 3230 ubicumque
2708 3108 3078 3194 locorum
3117 3174 3145 3214 ,
3208 3134 3293 3196 et
3361 3110 3655 3227 quovis
3705 3106 4094 3192 idiomate
4170 3099 4431 3201 editi,

1044 3227 1621 3341 promulgati,
1683 3258 1778 3314 ac
1832 3230 2109 3335 versi,
2174 3231 2323 3347 qui
2387 3229 2706 3330 Gallica
2774 3227 3096 3341 Lingua
3181 3229 3407 3315 hunc
3493 3226 3846 3344 praefert
3909 3224 4305 3310 titulum:
4375 3261 4434 3292 =

1048 3346 1598 3433 Instructions
1676 3347 2101 3458 generales
2164 3380 2275 3435 eu
2333 3346 2596 3437 forme
2658 3349 2769 3435 de
2825 3346 3354 3436 Catecbisme
3426 3382 3533 3467 ou
3615 3348 3774 3433 l'on
3855 3345 4247 3462 explique
4328 3369 4438 3425 en

1051 3466 1350 3578 abrege
1431 3499 1580 3582 par
1664 3466 2106 3555 l'Ecriture
2186 3469 2527 3577 Sainte,
2595 3495 2680 3556 et
2752 3497 2900 3582 par
2961 3470 3037 3554 la
3121 3467 3578 3574 tradition,
3641 3467 4086 3571 l’histoire,
4154 3484 4237 3548 et
4321 3458 4437 3545 les

1050 3584 1392 3697 dogmes
1475 3585 1581 3674 de
1662 3589 1738 3674 la
1788 3589 2168 3700 Religion
2224 3612 2410 3696 etc,
2451 3594 2918 3703 imprimees
2993 3621 3140 3704 par
3209 3584 3461 3677 ordre
3544 3587 3651 3675 de
3746 3586 4015 3673 Mons.
4087 3578 4436 3666 Charles

1048 3705 1430 3792 Joachim
1482 3705 1837 3795 Colbert
1916 3709 2269 3827 Eveque
2328 3709 2441 3796 de
2491 3708 3045 3826 Montpellier.
3107 3742 3153 3792 :
3213 3710 3411 3818 Quo
3485 3706 3830 3829 quidem
3910 3701 4437 3789 Catecbismo

1048 3826 1728 3947 quibuscumque
1796 3830 2545 3944 explicationibus,
2612 3833 2785 3917 sive
2863 3824 3451 3918 additamentis
3498 3890 3526 3936 ,
3589 3855 4167 3948 quaecumque
4229 3819 4434 3906 haec

1047 3948 1263 4051 sint,
1328 3951 1693 4062 cujusvis
1737 3952 2063 4060 generis
2101 4010 2125 4057 ,
2172 3970 2279 4035 :et
2343 3953 2638 4068 quo-vis
2687 3972 3057 4062 tempore
3090 4010 3120 4055 ,
3186 3974 3268 4037 et
3319 3949 3833 4069 ubicumque
3885 3948 4256 4032 locorum
4287 4004 4311 4049 ,
4352 3961 4438 4026 et

1048 4069 1342 4184 quovis
1396 4066 1788 4155 idiomate
1836 4072 1925 4154 in
1983 4071 2254 4158 lucem
2300 4073 2480 4157 sive
2523 4068 2742 4157 edita
2787 4128 2818 4176 ,
2883 4073 3059 4155 sive
3105 4069 3427 4157 edenda
3487 4068 3802 4155 fuerint
3866 4065 4220 4152 adaucto
4254 4126 4285 4166 ‚
4353 4078 4437 4146 et
4521 4116 4528 4120 ·

1046 4186 1537 4298 adaugendo
1587 4192 1709 4272 uti
1774 4194 2121 4275 omuino
2172 4189 2735 4304 prohibemus.
2807 4190 3230 4276 Praeterea
3285 4185 3994 4308 quemadmodum
4049 4215 4092 4269 a
4157 4186 4434 4294 singu·-

1048 4306 1196 4392 lari
1260 4312 1635 4393 omnium
1694 4333 2057 4394 vestrum
2112 4338 2298 4419 erga
2353 4310 2524 4395 Nos
2562 4313 3072 4396 observantia
3133 4308 3480 4395 assiduis
3529 4314 3895 4395 sincerae
3943 4305 4268 4423 pietatis
4319 4322 4437 4388 te·

1048 4430 1452 4514 stimoniis
1504 4457 1647 4513 vos
1698 4429 1908 4512 votis
1956 4433 2253 4515 nostris
2286 4430 2664 4517 libenter
2713 4427 3415 4516 obsecundaturos
3466 4461 3636 4516 esse
3687 4428 3950 4514 Nobis
3988 4446 4212 4512 certo
4260 4422 4436 4536 pol·
4499 4533 4504 4537 ρ

1050 4545 1455 4652 ficemur,
1510 4548 1615 4632 ita
1682 4550 1766 4631 in
1822 4576 2050 4661 spem
2098 4552 2550 4660 erigimur,
2603 4580 2944 4656 omnes,
3031 4581 3127 4634 ac
3191 4546 3773 4635 Fraternitates
3833 4575 4141 4633 vestras
4205 4573 4433 4655 prae-

1045 4669 1325 4751 sertim
1374 4664 1816 4752 adnixuras
1868 4698 2042 4755 esse
2077 4729 2104 4774 ,
2158 4694 2254 4755 ut
2301 4700 2454 4783 pro
2497 4668 2887 4784 injuncto
2919 4666 3092 4753 sibi
3146 4666 3432 4754 debito
3493 4669 3911 4784 pastoralis
3959 4667 4430 4779 vigilantiae

997 4787 1895 4915 ‚oneraquicumque
1974 4786 2160 4873 libri
2235 4791 2550 4900 ingenti
2608 4818 2799 4898 cum
2866 4791 3322 4874 animarum
3391 4793 3702 4904 jactura
3767 4790 3941 4875 sive
4000 4786 4084 4870 in
4154 4784 4432 4870 lucem

1047 4902 1312 5012 editi,
1380 4912 1552 4992 sive
1619 4904 1994 5014 edendi,
2058 4906 2524 4995 doctrinam
2602 4911 2882 4994 minus
2960 4938 3240 4995 sanam
3278 4943 3330 5014 ,·
3383 4933 3531 4996 aut
3596 4910 3881 4995 saltem
3958 4928 4418 5022 suspectam

1052 5029 1573 5114 continentes
1607 5091 1637 5131 ,
1688 5062 1785 5112 ac
1844 5027 2318 5138 praesertim
2368 5031 2428 5113 ii
2468 5089 2491 5134 ,
2532 5032 2674 5146 qui
2727 5027 2833 5114 ab
2884 5024 3386 5145 hae'Sancta'
3452 5026 3672 5116 Sede
3717 5056 4088 5147 expresse
4149 5023 4428 5139 prohi-

1042 5146 1197 5233 biti
1234 5211 1265 5251 ,
1330 5179 1427 5234 ac
1502 5144 1866 5235 damuati
1945 5148 2136 5232 sun't
2169 5209 2199 5252 ,
2264 5146 2371 5233 ab
2449 5149 2826 5234 omnium
2878 5146 3267 5235 manibus
3327 5151 3845 5264 eripiantur,
3924 5178 4018 5234 ac
4065 5143 4425 5233 flammis

1040 5265 1430 5354 abolendi
1511 5264 1965 5353 tradantur.
2043 5268 2172 5352 Ex
2256 5264 2553 5353 horum
2617 5272 2842 5356 enim
2880 5331 2905 5374 ‚
2992 5270 3509 5388 aliorumque
3572 5270 3977 5357 librorum
4019 5330 4044 5375 ,
4100 5269 4245 5384 qui
4312 5265 4422 5352 ad

1034 5385 1345 5474 blanda
1397 5419 1771 5476 errorum
1820 5416 2138 5475 venena
2184 5388 2346 5475 sub
2397 5386 2585 5475 ficta
2640 5392 2963 5502 pietatis
2997 5384 3447 5477 dulcedine
3502 5389 3978 5505 homiuibus
4013 5416 4420 5473 sacrarum

1036 5506 1602 5597 doctrinarum
1654 5511 2090 5623 inexpertis
2141 5506 2614 5624 inspiranda
2665 5507 3230 5599 fraudolenter
3280 5513 3707 5627 compositi
3761 5532 4008 5616 sunt,
4066 5509 4422 5619 lectione

1033 5633 1282 5718 etiam
1328 5627 1710 5737 fortuita,
1776 5631 2091 5718 nullam
2143 5659 2250 5716 ne
2296 5626 2409 5718 ἐκ·
2448 5631 2830 5751 alloquiis
2893 5629 3231 5751 quidem
3264 5695 3288 5741 ,
3355 5630 4063 5750 familiaribusque
4110 5658 4425 5733 sermoq
