4834 6409
1029 464 1422 692 Exldeptis
1474 572 1622 681 iis,
1676 576 1820 693 qui
1872 606 1965 665 ex
2020 577 2467 695 longinqua
2523 576 2857 688 regione
2907 604 3053 692 per
3105 608 3345 665 mare-
3381 578 3756 661 veniunt.
3813 572 3985 681 Qui
4036 569 4140 657 ad
4170 572 4412 673 ⁸Con·

1029 702 1581 810 gregationeru
1662 699 2043 782 venerint
2102 701 2279 785 sine
2346 700 2672 787 licentia
2726 762 2751 805 ,
2818 728 2964 810 per
3019 719 3280 793 totum
3349 717 3677 810 tempus
3725 756 3749 799 ,
3819 724 3989 809 quo
4039 690 4409 804 Congre-

1029 816 1687 930 gati0„durabit,
1757 814 2281 901 detineantur
2332 821 2412 901 in
2491 819 2671 905 loco
2730 819 3365 934 poenitentiaez:
3411 814 4068 925 Congregatioue
4130 837 4407 901 autem

1031 941 1513 1043 terminata,
1584 935 1975 1031 decernat
2025 933 2129 1023 de
2205 944 2320 1027 eis
2399 940 2945 1049 Congregario
3026 936 3749 1046 Heg-umeuorum..
3802 936 3884 1016 Si
3952 936 4138 1050 quis
4214 962 4413 1021 vero

1025 1060 1397 1176 querelas
1447 1055 1748 1143 habeat
1797 1053 1896 1140 ad
1952 1055 2695 1170 Congregatiouem
2748 1054 3280 1160 deferendas,
3322 1056 3606 1141 ,mittat
3674 1084 3808 1137 eas
3874 1084 4065 1137 cum
4121 1054 4403 1143 Abba·

1026 1203 1109 1265 te
1156 1240 1184 1281 ,
1236 1180 1366 1263 vel
1439 1180 1617 1288 ejus
1673 1179 1910 1263 Soc-io
1947 1232 1986 1280 ,›
2041 1182 2360 1291 propria
2420 1211 2671 1265 manu
2740 1179 3265 1289 subscriptas.
3326 1174 3510 1257 VII.
3580 1175 4181 1291 Unusquisque
4236 1175 4408 1259 Ab·

1023 1298 1171 1383 bas
1221 1296 1323 1382 ad
1376 1295 2115 1407 Congregationem
2184 1302 2524 1385 veniens
2574 1361 2597 1404 ,
2680 1322 2823 1383 aut
2878 1300 3297 1408 Vicarium
3365 1326 3607 1379 suum
3682 1297 4010 1379 mittens
4059 1359 4090 1399 ,
4158 1291 4412 1381 debet

1024 1415 1320 1503 afferre
1380 1448 1655 1501 secum
1688 1478 1717 1518 ,
1780 1417 1912 1501 vel
1965 1448 2155 1501 cum
2211 1417 2542 1503 Vicario
2595 1421 2945 1504 mittere.
3001 1417 3067 1500 I.
3125 1416 3504 1525 Sigillum
3555 1414 4057 1513 Monasterii.
4102 1414 4207 1496 ΙΙ.
4252 1413 4416 1499 Ca-

1025 1538 1415 1647 talogum,
1467 1537 1549 1619 iu
1607 1567 1775 1650 quo
1826 1534 2285 1651 descriptus
2336 1541 2438 1625 sit
2496 1570 2887 1623 numerus
2950 1535 3557 1625 Monachorum
3608 1537 4018 1640 vivorum,
4074 1559 4155 1620 et
4206 1552 4414 1652 quot

1021 1654 1394 1742 defuncti
1448 1678 1641 1738 sunt
1710 1678 1889 1768 post
1941 1657 2315 1742 ultimam
2368 1657 3114 1770 Congregationem
3152 1718 3175 1759 ,
3244 1678 3329 1740 et
3376 1678 3584 1771 quot
3634 1656 3962 1766 recepti.
4042 1654 4190 1738 III.
4282 1687 4410 1741 ra·

1020 1779 1328 1863 tionem
1383 1772 1610 1879 dati,
1679 1798 1759 1859 et
1807 1780 2117 1890 accepti
2171 1800 2350 1864 toto
2419 1782 2833 1889 regiminis
2909 1781 3033 1861 sui
3090 1798 3479 1888 tempore.
3542 1775 3829 1859 Socius
3881 1805 4077 1862 vero
4118 1775 4408 1877 ,Abba-

1019 1899 1122 1981 tis
1182 1894 1435 1981 debet
1482 1924 1760 1983 secum
1820 1893 2140 1983 afferre.
2225 1897 2290 1981 I.
2351 1898 2669 1984 Literas
2746 1893 3347 1982 Monacborum
3426 1892 3532 1979 de
3595 1925 3739 1977 sua
3804 1891 4400 2007 deputatione.

1018 2015 1129 2099 Il.
1194 2013 1597 2122 Querelas
1648 2013 2142 2119 eorundem,
2198 2020 2261 2100 si
2328 2051 2543 2137 quae
2594 2041 2860 2103 erunt.
2929 2014 3166 2099 VIII.
3241 2014 3522 2099 Abbas
3586 2012 4069 2120 Generalis,
4123 2015 4251 2101 vel
4306 2045 4407 2105 eo

1016 2134 1357 2220 absente
1391 2196 1416 2239 ,
1469 2131 1938 2242 Hegumeni
1974 2195 1996 2237 ,
2051 2162 2518 2250 opportuno
2570 2161 2933 2250 tempore
2983 2131 3476 2248 provideant
3549 2131 3654 2218 de
3733 2135 3976 2217 rebus
4041 2130 4143 2219 ad
4197 2134 4396 2219 cele-

1013 2252 1425 2339 brandam
1472 2250 2214 2362 Congregationem
2295 2261 2789 2349 necessariis.
2863 2256 3143 2364 Quare
3224 2253 3284 2336 1.
3363 2253 3773 2337 Abbatem
3846 2253 4321 2338 Monasterii
4374 2311 4400 2355 ,

1012 2376 1095 2458 in
1152 2405 1321 2491 quo
1373 2371 1923 2482 Congregatio
1988 2375 2479 2463 celebranda
2533 2400 2711 2481 est,
2770 2378 2897 2463 vel
2946 2406 3048 2463 eo
3100 2372 3494 2477 absente,
3550 2372 4059 2459 Monachum
4113 2374 4397 2474 alium,

1011 2495 1575 2598 constituant,
1630 2496 1773 2610 qui
1830 2490 2292 2580 Oeconomi
2345 2495 3024 2607 Congregationis
3078 2491 3506 2579 Generalis
3567 2523 3865 2578 nomen
3934 2517 4209 2602 gerat,
4263 2525 4405 2579 cu·

1009 2637 1303 2729 retque
1335 2677 1364 2717 ,
1415 2635 1513 2697 ut
1587 2610 1813 2696 locus
1880 2611 2517 2725 Congregatioui
2583 2641 3095 2730 opportunus
3163 2634 3687 2725 praeparetur
3724 2674 3748 2713 ,
3820 2635 3912 2695 ut
3963 2611 4236 2696 adsint
4288 2617 4408 2698 vi·

1010 2733 1308 2821 ctualia
1346 2795 1371 2839 ,
1440 2732 1627 2819 lecti
1685 2795 1710 2833 ,
1762 2756 1843 2816 et
1895 2763 2449 2852 quaecunque
2498 2735 2601 2822 ad
2657 2742 3212 2850 receptionem
3283 2730 3891 2815 Monachorum
3973 2730 4394 2844 hospitum

1005 2854 1454 2939 necessaria
1506 2875 1722 2937 sunt.
1796 2852 1906 2937 ΙΙ.
1985 2851 2415 2967 Deputcnt
2492 2854 2703 2941 duos
2767 2857 3053 2943 saltem
3119 2847 3681 2935 Confessarios
3745 2882 3938 2937 cum
3992 2848 4399 2937 facultati-

1001 2971 1162 3056 bus
1212 2974 1746 3085 opportunis,
1813 2978 1968 3059 nec
2025 3003 2186 3072 non
2242 3007 2505 3058 unum
2563 2976 2936 3062 Scribam
2994 2973 3725 3081 Congregationis,
3792 2975 3933 3088 qui
4014 2969 4397 3082 suffragia

1001 3092 1378 3197 notabit,
1446 3114 1527 3176 et
1596 3093 1865 3176 literas
1952 3090 2051 3175 ad
2126 3092 2870 3205 Congregationem
2923 3094 3272 3179 directas
3335 3113 3606 3175 coram
3678 3092 4068 3175 omnibus
4126 3093 4391 3201 leget.

1000 3210 1296 3295 Unum
1350 3235 1762 3322 praeterea
1830 3209 2285 3299 Aedituum
2325 3277 2354 3317 ,
2419 3221 2560 3331 qui
2630 3248 2913 3301 curam
2981 3211 3325 3299 habebit
3396 3212 3684 3295 Sacelli
3728 3274 3754 3317 ,
3820 3211 3964 3294 ubi
4035 3209 4397 3320 Congre-

1002 3333 1219 3438 gatio
1269 3328 1455 3415 fiet:
1521 3354 1602 3413 et
1667 3360 1964 3413 unum-
2007 3329 2462 3420 Ianitorem
2500 3400 2529 3437 ,
2582 3339 2722 3451 qui
2782 3360 3049 3448 portas
3118 3332 3794 3440 Congregationis
3865 3332 4389 3419 observabit.

999 3449 1110 3532 Hi
1168 3476 1362 3536 vero
1413 3476 1694 3535 ornnes
1734 3510 1757 3552 ,
1814 3473 2131 3561 praeter
2193 3452 2567 3539 Abbtem
2620 3454 3218 3567 supradictum,
3283 3446 3368 3531 id
3422 3474 3543 3535 est
3593 3445 4118 3555 Confessarii,
4178 3452 4388 3556 Scri.

998 3568 1104 3653 ba
1138 3630 1161 3673 ,
1230 3566 1639 3655 Aedituus
1692 3630 1714 3672 ,
1769 3593 1849 3653 et
1900 3571 2236 3671 Janitor
2292 3571 2603 3659 debent
2656 3607 2827 3660 esse
2898 3606 2992 3659 ex
3046 3602 3335 3657 eorum
3392 3600 3738 3654 numero
3786 3632 3812 3674 ,
3894 3572 4038 3688 qui
4098 3568 4397 3656 suffra-

998 3691 1124 3797 gia
1187 3720 1355 3797 ‚non
1413 3685 1723 3773 habent
1773 3691 1855 3772 in
1911 3688 2597 3805 Congregatione.
2668 3694 3013 3810 Reliqua
3094 3714 3371 3777 autem
3423 3688 3828 3773 Coenobii
3885 3693 4393 3793 ministeria,
4500 3778 4509 3787 ,

999 3831 1167 3892 tam
1222 3809 1306 3893 in
1358 3806 1730 3892 Ecclesia
1784 3868 1807 3912 ,
1863 3840 2112 3925 quam
2166 3814 2250 3896 in
2306 3811 2588 3899 Choro
2625 3877 2648 3919 ,
2704 3836 2788 3898 et
2839 3811 3304 3899 Refectorio
3361 3841 3499 3923 per
3550 3806 3924 3923 ejusdem
3980 3806 4386 3893 Coenobii

993 3924 1450 4021 Monachos
1499 3924 1937 4045 diligenter
1988 3929 2395 4019 obeantur
2432 3996 2455 4039 ,
2515 3967 2668 4019 nec
2720 3932 3402 4044 Congregationis
3452 3950 3870 4040 praetextu
3926 3926 4383 4046 quidquam

993 4076 1091 4130 ex
1146 4047 1493 4164 regulari
1559 4043 1988 4160 disciplina
2042 4055 2492 4137 omittatur.
2562 4054 2713 4139 IX.
2771 4051 2990 4137 Cum
3046 4050 3219 4135 dies
3272 4052 3666 4158 assignata
3723 4045 4178 4155 advenerit,
4223 4080 4386 4134 non

992 4165 1371 4253 obstante
1444 4170 2045 4283 cujuscumque
2098 4173 2502 4278 absentia,
2570 4171 3119 4284 Congu-egatio
3171 4173 3633 4281 incipiatur.
3702 4165 4193 4277 Cognitores
4245 4202 4384 4253 au-

995 4308 1161 4371 tem
1238 4282 1813 4393 suffragiorum
1896 4312 2113 4373 sunt.
2219 4290 2279 4374 I.
2366 4295 2651 4380 Abbas
2722 4292 3179 4378 Generalis.
3250 4290 3355 4371 11.
3428 4289 3808 4395 Quatuor
3861 4287 4383 4397 Hegumeni.

994 4403 1146 4488 111.
1202 4402 1373 4488 duo
1423 4435 1520 4488 ex
1581 4404 2014 4489 Monachis
2080 4410 2761 4523 congregationis
2812 4446 2855 4497 a
2911 4412 3510 4498 communitate
3558 4408 3998 4491 Vocalium
4072 4411 4365 4496 electi:

989 4526 1071 4606 in
1154 4553 1512 4640 quorum
1579 4545 1853 4609 tamen
1896 4526 2311 4614 electione
2377 4532 2651 4650 'neque
2731 4532 3021 4617 Abbas
3085 4529 3566 4633 Generalis,
3636 4556 3908 4644 neque
3966 4527 4378 4641 Hegume·

989 4645 1070 4731 ni
1153 4671 1444 4726 vocem
1516 4638 1970 4735 habebunt.
2042 4646 2147 4729 X.
2219 4647 2771 4763 Congregatio
2821 4651 3246 4738 Generalis
3311 4679 3453 4760 per
3537 4668 3851 4760 septem
3905 4644 4076 4731 dies
4130 4647 4373 4734 dura·

984 4760 1133 4844 bit.
1206 4759 1565 4870 Singulis
1616 4785 1888 4848 autem
1978 4763 2272 4852 diebus
2326 4796 2507 4882 post
2559 4771 3240 4857 cantata·Divina
3309 4765 3611 4852 Officia
3648 4828 3670 4870 ‚
3726 4789 3811 4851 et
3850 4761 4373 4855 'celebratam

983 4911 1294 4989 saffram
1350 4879 1812 4990 Liturgiam
1861 4944 1885 4987 ,
1952 4889 2444 4977 scrutinium
2499 4888 2640 4977 fiet
2675 4954 2703 4997 ,
2766 4894 2901 4977 cui
2952 4891 3520 5004 praemittetur
3586 4916 3853 4972 sermo
3916 4893 4389 5000 paraeneti-

986 5032 1132 5085 cus
1210 4999 1316 5084 ab
1369 4999 1702 5118 Abbate
1754 5000 2201 5113 Generali,
2268 5034 2410 5096 aut
2484 5011 2642 5096 alio
2707 5013 3096 5128 quopiam
3153 5005 3252 5091 ad
3309 5006 3844 5093 Conventum
3916 5010 4386 5097 Monacho-

903 5198 910 5205 .
985 5151 1169 5207 rum
1225 5150 1372 5232 per
1422 5118 1939 5222 semihoram.
1993 5120 2148 5208 XI.
2218 5127 2310 5211 Iu
2363 5133 2636 5244 primo
2687 5128 2964 5215 triduo
3000 5192 3025 5235 ,
3092 5124 3434 5211 Ordinis
3485 5148 3785 5213 statum
3860 5134 4367 5236 examinent,

982 5236 1446 5359 seduloque
1498 5240 1986 5351 explorent,
2043 5246 2104 5328 si
2171 5247 2378 5364 quid
2427 5248 2987 5365 supplendum
3024 5312 3047 5355 ,
3102 5269 3245 5333 aut
3296 5242 3833 5333 resecandum
3886 5249 4013 5329 sit.
4075 5252 4375 5362 Singu-

979 5360 1248 5475 lisque
1297 5361 1863 5470 permittitur,
1929 5363 2497 5486 quodcunque
2548 5368 2771 5483 apud
2831 5402 2915 5459 se
2967 5370 3480 5471 statuerint·,
3546 5395 3978 5475 suggerere
4064 5371 4373 5457 Abbati

980 5477 1372 5581 Gener-ali
1410 5540 1435 5584 ,
1500 5503 1645 5564 aut
1693 5480 2212 5590 Hegumenis
2247 5550 2270 5592 ,
2338 5492 2485 5606 qui
2537 5489 3145 5577 Monachorum
3194 5488 3754 5596 suggestiones
3808 5487 3893 5571 in
3959 5518 4376 5575 commen-

978 5604 1283 5686 tarium
1341 5599 1660 5707 relatas:
1684 5631 1968 5687 coram
2033 5603 2693 5722 Congregatione
2746 5610 3237 5704 recitabunt.
3294 5607 3636 5694 Interim
3692 5602 4158 5718 Hegumeni
4207 5616 4377 5729 jus·
