4834 6409
3612 490 3664 574 3
3743 518 3769 573 ι

409 598 576 739 que
628 599 1115 730 praesidere.
1185 609 1273 697 si
1348 639 1548 698 vero
1612 609 1790 723 ipse
1849 628 2231 701 mortuus
2292 611 2544 699 fuerit
2596 672 2620 716 ,
2705 630 2848 692 aut
2909 631 3395 724 promotus,
3475 631 3620 694 aut
3678 519 3792 695 {le

414 741 678 854 ipsius·
717 766 957 823 causa
1022 756 1105 818 et
1153 756 1385 818 reatu
1436 727 2077 816 consultandum
2129 740 2259 841 sit,
2331 758 2531 818 tunc
2581 726 2686 814 ad
2737 760 3021 815 omnes
3073 733 3319 816 simul
3373 729 3795 842 Hegume-

417 890 566 944 nos
621 854 1028 971 spectabit
1087 848 1312 945 illam
1391 847 1840 936 indiceret.
1881 873 1965 938 et
2028 859 2279 964 prior·
2319 857 2401 939 in
2470 849 2760 936 ordine
2826 847 3327 963 praesidebit
3398 874 3799 967 tanquam

411 972 794 1063 Vicarius
858 973 1209 1059 Abbatis
1258 971 1727 1077 Generalis,
1801 992 1892 1055 ut
1940 1001 2181 1085 supra
2235 973 2556 1059 dictum
2607 991 2751 1056 est.
2822 970 2975 1053 111.
3040 972 3202 1073 Per
3239 994 3564 1087 -septem
3622 967 3801 1056 dies

416 1130 512 1184 ea
576 1094 964 1182 durabit:
1037 1094 1378 1204 singulis
1448 1114 1725 1176 autem
1790 1072 2087 1176 diebus
2153 1097 2586 1209 praemissa
2661 1091 3064 1176 Oratione
3130 1090 3569 1177 Dominica
3607 1151 3632 1197 ,
3721 1111 3804 1173 et

423 1216 767 1325 Litaniis
821 1214 1342 1301 Beatissimae
1388 1211 1805 1319 VirginiS,
1861 1240 2133 1299 coram
2203 1216 2465 1309 Altari
2520 1211 2624 1297 ab
2680 1208 3041 1295 Aedituo
3092 1235 3417 1326 parato,
3482 1211 3803 1295 Janito-
3912 1234 3919 1247 ’

416 1367 504 1424 re
545 1359 867 1453 portam
950 1334 1438 1441 observante
1490 1393 1516 1432 ,
1595 1352 1679 1429 et
1731 1336 2182 1443 secretario
2221 1332 2354 1418 ‚ad
2430 1362 2791 1418 mensam
2845 1331 3251 1416 assidente
3302 1395 3355 1438 ,-
3418 1362 3571 1416 nec
3628 1358 3795 1413 non

418 1455 748 1541 duobus
801 1451 1231 1537 Monacbis
1302 1445 1876 1559 suffragiorum
1932 1453 2613 1564 congnitoribus,
2679 1447 3061 1562 suffragia
3129 1448 3393 1537 serent
3432 1513 3457 1557 ,
3527 1473 3618 1533 ut
3669 1479 3802 1533 su-

422 1607 564 1688 pra
630 1570 945 1658 dictum
1002 1593 1125 1657 est
1171 1571 1279 1657 de
1330 1568 1987 1679 Congregatione
2038 1573 2453 1658 Generali.
2522 1572 2776 1654 Porro
2831 1571 3386 1674 Secretarius,
3450 1568 3806 1655 Aeditu-

423 1726 520 1779 us
547 1722 579 1799 ‘,
644 1693 1022 1797 Junitor,
1089 1714 1174 1776 et
1239 1689 1409 1774 duo
1475 1686 2052 1799 suffragiorum
2123 1698 2584 1803 cognitores
2654 1689 2760 1774 ab
2834 1690 3158 1774 Abbate
3212 1690 3599 1775 Generali
3639 1753 3662 1796 ,
3719 1709 3808 1776 et

428 1814 942 1925 Hegumenis
1009 1807 1562 1925 praeeligendi
1643 1822 1859 1894 sunt.
1930 1816 2401 1930 Antequam
2472 1840 2668 1897 vero
2732 1813 3005 1922 prima.
3059 1808 3606 1925 Congregatio
3677 1814 3806 1892 in-

424 1934 828 2033 choetur,
907 1960 1176 2016 sermo
1245 1931 1808 2042 paraeneticus
1861 1929 2002 2016 fiat
2063 1934 2169 2016 ab
2249 1930 2548 2015 idoneo
2626 1928 3099 2034 Monacbo,
3182 1961 3428 2046 quem
3518 1929 3805 2013 Abbas

427 2051 856 2138 Generalis
889 2047 1484 2160 designaverit.
1552 2044 1694 2129 IV.
1764 2050 1847 2133 Si
1893 2075 2096 2163 post
2151 2050 2894 2161 Congregationem
2951 2048 3442 2135 Gener-alem
3497 2052 3805 2160 eligen-

427 2169 514 2255 di
566 2176 732 2256 sint
797 2169 1167 2252 Abbates
1220 2168 1870 2274 provinciarum,
1939 2195 2020 2256 et
2074 2171 2816 2255 Monasteriorum:
2889 2173 3161 2280 primo
3214 2169 3805 2279 Congregatio·

431 2295 558 2375 nis
611 2289 807 2394 die,
873 2285 1353 2401 sedentibus
1419 2290 1499 2370 in
1571 2284 1862 2375 ordine
1926 2322 2075 2374 suo
2141 2290 2470 2375 Abbate
2539 2286 2924 2373 Generali
2964 2350 2989 2392 ,
3057 2311 3137 2371 et
3219 2288 3729 2398 Hegumenis
3777 2350 3802 2391 ,

430 2407 841 2496 accedunt
893 2407 1333 2512 Abbates,
1398 2438 1754 2524 quorum
1811 2406 2179 2494 officium
2260 2411 2620 2522 expirat,
2692 2410 2831 2515 vel,
2876 2437 3160 2493 eorum
3227 2408 3532 2492 Vicarii
3588 2438 3807 2492 unus

431 2554 613 2642 post
672 2529 927 2613 alium
980 2561 999 2611 :
1067 2549 1150 2612 et
1202 2526 1604 2637 genuflexi
1646 2589 1668 2629 ,
1737 2527 2110 2639 Sigillum
2151 2593 2181 2633 ,
2258 2551 2341 2614 et
2393 2526 2791 2634 Officium
2849 2530 2929 2611 in
2992 2527 3370 2611 manibus
3444 2526 3803 2610 Abbatis

432 2648 916 2753 Generalis»,
983 2670 1066 2733 et
1117 2646 1799 2755 Hegumenorum
1872 2651 2341 2760 resignant,
2407 2670 2493 2734 et
2554 2644 2985 2760 deponunt
3054 2649 3135 2730 in
3217 2644 3420 2732 haec
3488 2645 3800 2750 verba.

432 2769 634 2852 Rffzi
703 2769 1000 2851 Patres·
1027 2829 1050 2864 ,
1109 2770 1222 2879 in·
1250 2765 1637 2846 manibus
1687 2772 1973 2850 vestris
2041 2774 2370 2885 resigno
2406 2830 2430 2873 ,
2487 2797 2589 2849 ac
2640 2765 2954 2878 depono
3014 2764 3395 2881 officium
3445 2767 3805 2850 Abbatis

435 2890 942 2970 Provinciae
986 2880 1106 2971 N.
1158 2881 1291 2968 vel
1335 2884 1852 3002 Monasterz‘z’
1895 2886 2010 2970 N.
2068 2886 2295 3004 quod
2350 2886 2567 2971 milzi
2628 2885 2974 3003 indigno
3024 2890 3557 2969 commissum
3577 2883 3801 2997 fuit,

431 3003 852 3121 simulque
903 3008 1233 3088 veniam
1271 3019 1463 3115 peto
1511 3000 1613 3083 de
1659 3009 2040 3090 omnibus
2105 3006 2374 3120 culpis
2425 3037 2479 3089 a
2534 3036 2666 3087 me
2718 3010 2804 3087 in
2856 3036 2948 3086 eo
2996 3009 3482 3088 commissis.
3543 3007 3625 3087 Si
3663 3003 3807 3087 Vi-

437 3127 704 3209 carius
755 3121 1062 3226 fuerit,
1130 3146 1271 3206 aut
1324 3120 1839 3229 Procurator,
1892 3123 2162 3210 dicat:
2221 3129 2423 3208 Rffzi
2475 3127 2798 3229 Patres,
2851 3128 3209 3227 nomine,
3276 3156 3377 3209 ac
3428 3128 3605 3208 vice
3657 3122 3809 3207 Re.-

437 3241 774 3353 verendi
838 3245 1123 3330 Patris
1158 3239 1276 3326 N.
1330 3246 1422 3324 in
1471 3246 1856 3328 manibus
1905 3250 2193 3329 vestris
2240 3238 2596 3362 resignO,
2651 3242 2757 3325 ac
2802 3242 3114 3357 depono
3174 3244 3581 3362 Officium
3633 3241 3812 3326 Ab·

437 3365 653 3447 batis
732 3365 1236 3446 Provinciae
1285 3360 1402 3447 N.
1469 3360 1600 3445 vel
1642 3365 2166 3449 Monosterii
2210 3363 2325 3449 Ν.
2378 3362 2608 3481 quod
2650 3368 2816 3475 ipsi
2864 3367 3400 3446 commissum
3422 3362 3647 3479 fitit,
3699 3365 3812 3444 si-

436 3482 779 3600 mulque
828 3487 1156 3569 veniam
1197 3498 1389 3592 peto
1437 3477 1541 3562 de
1588 3485 1968 3567 omnibus
2018 3481 2286 3595 culpis
2337 3486 2443 3565 ab
2497 3489 2675 3596 ipso
2705 3482 2711 3490 ’
2739 3488 2830 3566 in
2898 3480 3182 3565 eodem
3243 3482 3555 3600 Officio
3590 3511 3811 3565 com-

321 3652 329 3661 ·
438 3607 742 3685 missis.
798 3602 1044 3686 Facta
1113 3601 1683 3715 resignatione,
1740 3607 2312 3721 unusquisque
2362 3625 2576 3686 extra
2634 3601 3380 3712 Congregationem
3437 3600 3807 3713 recedet3

441 3743 527 3806 et
577 3722 855 3805 clauso
904 3723 1170 3826 ostio,
1229 3723 1437 3830 legat
1487 3718 1985 3807 Secretarius
2037 3753 2306 3808 coram
2365 3723 2692 3806 Abbate
2755 3721 3137 3806 Gener-ali
3181 3785 3204 3828 ,
3258 3744 3341 3806 et
3389 3721 3812 3832 Hegume-

443 3841 566 3924 nis
615 3872 1036 3946 excessus,
1104 3838 1236 3926 vel
1302 3837 1671 3925 defectus
1709 3903 1734 3947 ,
1797 3844 1862 3925 si
1927 3873 2133 3959 quos
2184 3840 2382 3926 dicti
2448 3841 2815 3925 Abbates
2885 3844 2964 3923 in
3033 3870 3180 3924 suo
3243 3836 3518 3924 officio
3582 3852 3808 3935 c‘om·

438 3962 838 4043 miserint:
884 3960 1197 4044 oblatas
1247 3956 1635 4045 adversus
1683 3991 1821 4046 eos
1872 3959 2391 4046 subditorum
2435 3959 3037 4044 Monac-horum
3091 3962 3675 4066 accusationes,
3728 3986 3813 4046 et

443 4078 770 4180 similia,
839 4109 1053 4195 quae
1115 4083 1208 4163 in,
1254 4080 1547 4163 ultimo
1579 4078 1855 4166 triduo
1884 4080 2560 4192 Congregationis
2597 4079 3026 4185 Generalis
3087 4082 3549 4165 examinata·
3589 4105 3809 4187 sunt,

437 4219 525 4282 et
592 4197 673 4279 in
747 4220 920 4278 acta
991 4196 1234 4280 relata
1274 4257 1297 4301 ,
1368 4221 1459 4281 ut
1510 4199 1711 4311 Cap.
1769 4199 1831 4282 Ῑ.
1900 4199 2151 4312 hujus
2227 4199 2485 4283 Partis
2539 4231 2764 4283 num.
2843 4197 2954 4281 Il.
3019 4197 3333 4281 dictum
3388 4223 3530 4283 est.
3611 4201 3808 4285 Mox

444 4313 903 4419 Generalis,
943 4337 1023 4398 et
1074 4315 1545 4424 Hegumeni
1598 4315 1703 4402 de
1755 4322 1849 4403 iis
1902 4317 2419 4404 deliberent:
2465 4341 2546 4402 et
2593 4322 2654 4400 si
2710 4313 2915 4436 quid
2969 4320 3054 4401 in
3112 4317 3543 4428 Regulam,
3586 4321 3810 4404 Con·

443 4437 907 4520 stitutiones
944 4495 968 4538 ,
1023 4433 1740 4544 Consuetudines,
1793 4439 1923 4524 vel
1979 4436 2429 4522 Monachos
2479 4468 2855 4549 peccasse
2915 4433 3399 4549 deprehensi
3452 4435 3809 4544 fuerint,

443 4576 847 4638 vocentur
909 4553 1380 4663 singillatim
1413 4617 1438 4657 ,
1505 4580 1589 4641 et
1634 4554 2265 4642 introducantur
2312 4553 2416 4640 ad
2479 4556 3283 4667 Congregationem,
3339 4557 3623 4674 ibique
3677 4589 3815 4644 re-

439 4671 1120 4783 prehendantur,
1187 4698 1269 4759 et
1319 4671 1564 4784 digna
1619 4673 2065 4790 malefactis
2130 4678 2632 4790 poenitentia
2683 4676 3191 4759 multentur:
3261 4676 3456 4765 alias
3525 4708 3813 4763 omnes

443 4793 688 4875 simul
743 4791 1426 4900 introducantur,
1474 4818 1554 4879 et
1604 4796 2010 4906 genuflexi
2067 4793 2665 4881 benedicentur
2716 4795 3204 4883 ab-Abbate
3241 4798 3627 4885 Generali
3668 4792 3816 4905 ,et

445 4909 1025 5017 absolvantur,
1082 4917 1177 4996 iis
1239 4915 1535 4998 verbis.
1599 4917 1835 5000 Deus
1908 4918 2412 5001 misereatur.
2478 4920 2730 5000 vestri
2785 4933 2936 4998 etc.
3005 4935 3101 4997 ut
3164 4946 3338 5025 cap.
3405 4919 3805 5030 superioii

444 5031 656 5114 circa
709 5027 987 5113 finem.
1040 5032 1115 5113 T
1124 5063 1260 5115 um
1316 5033 2327 5146 extra.Congregationem
2397 5029 2972 5139 dimittantur:
3043 5034 3474 5119 et·Abbas
3541 5036 3815 5122 Gene⁴

447 5149 637 5232 ralis
707 5181 896 5234 cum
953 5147 1461 5260 Hegumenis
1520 5185 1670 5266 per
1740 5153 2123 5264 suffragia
2200 5162 2535 5238 secreta'
2586 5153 2829 5265 eligat
2913 5152 3281 5237 Abbates
3345 5153 3818 5241 Provincia·

449 5297 693 5385 rum,
748 5291 828 5352 et
878 5268 1565 5373 Monasteriorum
1634 5270 1920 5360 eodem
1995 5270 2242 5359 modo
2269 5337 2297 5375 ,
2415 5305 2521 5356 uo
2569 5304 2810 5386 supra
2862 5271 2968 5358 de
3018 5271 3454 5360 Electione
3540 5275 3818 5361 Gene-

450 5389 638 5497 ralis
678 5451 702 5489 ,
769 5411 853 5473 et
917 5388 1590 5500 Hegumenorum
1661 5390 1976 5479 dictum
2027 5416 2172 5478 est.
2231 5302 2726 5501 Suffragium
2783 5395 2863 5476 in
2953 5389 3345 5479 schedula
3416 5397 3822 5482 scribatur

448 5508 589 5620 sici
625 5505 894 5625 ‘Eletgo
946 5509 1513 5595 Reverendum
1573 5515 1914 5598 Patrem
1973 5511 2102 5623 N„
2133 5517 2225 5595 in
2272 5511 2693 5597 Abbacem
2748 5514 3246 5599 Provinciae
3294 5514 3410 5600 N.
3454 5515 3587 5599 vel
3624 5517 3821 5601 Mo-

447 5624 946 5714 nascer-iiN.
1001 5628 1573 5718 Extrahuntur
1621 5657 1901 5721 autem
1948 5631 2331 5746 suffragia
2373 5666 2413 5717 a
2469 5630 2801 5718 duobus
2852 5632 3283 5719 Monachis
3344 5666 3634 5722 eorum
3689 5670 3824 5726 co-

2757 5757 2837 5839 A
2870 5788 2911 5839 a
2951 5786 2992 5838 a
3050 5784 3097 5837 τι
