4834 6409
1012 399 1182 489 268

1008 553 1109 608 ex
1170 549 1344 607 asse
1392 517 1784 605 omnihus
1843 519 2365 635 praescriptis
2412 516 2982 631 negligentes,
3050 521 3407 627 incurii,
3495 549 3886 631 segnesve
3945 516 4221 608 forent
4278 516 4410 608 fu-

1004 645 1174 729 turi
1210 706 1243 746 ‚
1306 643 1691 727 noverint
1750 641 1871 726 illi
1923 639 2504 753 omnipotenti
2556 639 2802 744 Deo,
2863 641 3181 749 Nobis,
3243 641 3873 729 successoribus
3923 644 4271 748 nostris,
4322 663 4410 729 et

956 761 1466 851 'venerabili
1533 785 1811 848 nostro
1871 761 2265 877 Capitulo
2332 763 2926 849 strictissimam
2978 766 3379 850 rationem
3434 760 3902 871 reddituri,
3967 790 4220 881 seque
4281 764 4410 848 in·

1009 880 1571 994 dignationem
1624 907 1983 968 nostram
2025 908 2075 989 ‚'
2120 883 2706 971 successorum
2761 906 3231 970 nostrorum
3281 948 3307 990 ‚
3354 882 3848 997 ‚et-praefati
3912 883 4408 970 venerabilis

1009 1006 1268 1089 nostri
1357 1001 1724 1118 Capituli
1792 1007 2319 1112 incursuros,
2387 1008 2563 1090 sine
2623 1034 2979 1120 quorum
3022 1067 3047 1111 ‚
3133 1028 3216 1091 et
3266 1003 3520 1119 hujus
3581 1036 3956 1120 expresso
4018 1035 4406 1110 assensu,

1009 1126 1469 1239 praemissis
1536 1124 1857 1237 legibus
1891 1188 1917 1228 ,
1980 1128 2238 1242 pactis
2287 1188 2312 1232 ‚
2378 1151 2462 1210 et
2515 1124 3145 1214 conditionibus
3182 1189 3207 1233 ,
3273 1157 3524 1213 nemo
3583 1156 4109 1245 quacumque
4161 1129 4414 1213 etiam

1014 1249 1496 1332 auctoritate
1578 1242 2142 1359 praefulgeat,
2209 1277 2583 1363 unquam
2669 1251 2969 1359 poterit
3044 1245 3502 1355 derogare,
3563 1244 3976 1363 siquidem
4076 1243 4414 1357 deroga·

1021 1368 1327 1453 tionem
1381 1362 1741 1484 aliquam
1779 1430 1803 1471 ‚
1871 1365 2569 1455 modificationem
2621 1428 2645 1472 ‚
2715 1370 2848 1455 vel
2922 1371 3654 1455 commutationem
3727 1366 3982 1480 hujus
4044 1370 4226 1480 piae
4290 1371 4413 1453 in·

1017 1490 1408 1575 tentionis
1463 1512 1781 1574 nostrae
1834 1518 1999 1573 non
2053 1487 2617 1604 impetrandi,
2685 1514 2829 1573 aut
2879 1491 3114 1574 aliter
3163 1521 3310 1603 per
3360 1522 3445 1576 se
3494 1521 3579 1575 se
3627 1552 3658 1592 ,
3721 1490 3857 1579 vel
3921 1488 4117 1572 alios
4167 1487 4409 1605 quid·

1018 1638 1269 1724 quam
1319 1609 1405 1693 in
1463 1612 1965 1694 contrarium
2032 1642 2406 1730 unquam
2487 1608 2949 1697 attentandi
3003 1674 3032 1714 ,
3098 1614 3299 1728 quin
3387 1613 3659 1725 potius
3708 1639 3907 1694 vero
3989 1605 4410 1722 praedicta

1019 1730 1293 1814 omnia
1392 1751 1474 1814 et
1556 1732 1876 1840 singula
1927 1735 2344 1847 perpetuis
2394 1726 2695 1816 futuris
2743 1731 3256 1845 temporibus
3305 1761 3461 1844 pro
3506 1760 3739 1844 posse
3801 1760 4088 1814 eorum
4147 1725 4411 1814 fideli-

1020 1870 1206 1954 ter‚·
1264 1870 1346 1934 et
1395 1852 1696 1962 jugiter
1744 1850 2278 1964 adimplendi.
2348 1853 2681 1937 Praeses
2717 1912 2742 1957 ,
2806 1876 2890 1938 et
2940 1853 3434 1938 Assistentes
3483 1845 3994 1963 saepedictae
4043 1849 4405 1936 Univer-

1020 1970 1275 2056 sitatis
1353 1994 1675 2057 nostrae
1725 2037 1749 2078 ,
1830 1976 2162 2087 proprio
2209 2036 2234 2078 ‚
2335 1997 2418 2059 et
2503 1975 2872 2058 omniurn
2953 1969 3723 2059 confaederatorum
3811 1969 4412 2058 venerabilium

1023 2089 1455 2179 Abbatum
1515 2095 1847 2181 nomine
1898 2090 2109 2179 datis
2172 2097 2255 2178 in
2312 2092 2395 2178 id
2430 2156 2454 2202 ,
2520 2117 2603 2181 et
2653 2094 2894 2180 nobis
2941 2091 3409 2181 extradictis
3461 2090 3971 2177 solemnibus
4023 2088 4408 2178 Reversa-

1025 2212 1244 2295 libus
1280 2273 1303 2316 ,
1366 2212 1584 2298 bona
1656 2211 1823 2300 fide
1874 2219 2458 2329 promiserunt.

1147 2331 1243 2416 In
1301 2348 1657 2448 quorum
1712 2339 2088 2420 omnium
2160 2334 2412 2422 fidem
2452 2397 2477 2441 ‚
2543 2361 2626 2422 et
2677 2338 2932 2425 robur
2966 2399 2991 2443 ‚
3059 2336 3661 2422 interveniente
3725 2330 4216 2419 venerabilis
4269 2360 4409 2416 no·

1024 2454 1172 2537 stri
1222 2450 1586 2566 Capitu'li
1653 2486 1979 2542 assensu
2013 2518 2038 2564 ‚
2094 2456 2238 2543 has
2289 2454 2463 2545 fieri
2507 2522 2532 2561 ,
2598 2483 2848 2576 atque
2903 2489 3087 2543 mox
3137 2455 3364 2542 dicto
3415 2449 3780 2538 Praesidi
3818 2516 3845 2559 ‚
3915 2474 3999 2539 et
4047 2452 4413 2537 Assiten-

1025 2573 1253 2659 tibus
1327 2572 1638 2660 extrudi
1726 2580 2168 2690 jussimus,
2234 2578 2840 2692 subscriptione
2922 2578 3216 2663 Nostra
3270 2639 3294 2684 ,
3373 2599 3458 2661 et
3519 2576 4019 2688 appensione
4083 2573 4413 2687 majoris

1025 2695 1284 2781 nostri
1338 2694 2066 2811 Sigilli'firmata53
2122 2698 2364 2807 Quae
2428 2697 2843 2787 dabantur
2895 2698 3345 2810 Salisburgi
3409 2692 3851 2808 Metropoli
3923 2713 4196 2779 nostra
4261 2689 4417 2778 hac

1029 2814 1166 2909 die
1215 2815 1298 2901 8.
1363 2819 1668 2916 mensis
1715 2816 2205 2907 Decembris
2256 2823 2452 2906 anni
2516 2822 2767 2937 1736.
3547 2914 3556 2921 ,

642 2941 1001 3042 eonsensus
1146 2939 1212 3040 S.
1291 2941 1424 3046 14.
1488 2932 2046 3059 Nos-quoquo
2093 2940 2252 3029 Dei
2308 2944 2561 3050 gratia
2624 2937 2999 3026 Andreas
3049 2936 3409 3024 Jacobus
3460 2933 3762 3021 Comes
3832 2931 3938 3020 de
3999 2928 4419 3019 Dietrich·

643 3028 958 3186 gffiiffli-
1028 3062 1238 3144 stein
1292 3059 1853 3171 Praepositus,
1909 3084 1993 3146 et
2039 3060 2728 3176 Archipresbyter
2762 3123 2786 3167 ‚
2855 3056 3330 3174 Leopoldus
3379 3057 3781 3143 Ernestus
3835 3055 3929 3138 L.
3957 3052 4041 3139 B.
4098 3050 4204 3138 de
4243 3051 4420 3138 Fir·

648 3210 878 3301 gensis.
1028 3180 1250 3265 mian
1290 3242 1314 3285 ‚
1369 3175 1649 3265 divina
1709 3184 2013 3294 pariter
2060 3184 2313 3292 gratia
2398 3179 2815 3290 decanus,
2887 3180 3374 3267 Franciscus
3449 3176 4063 3273 Maximilianus
4111 3171 4415 3259 Comes

1030 3298 1138 3385 de
1193 3298 1800 3386 Liechtenstein
1869 3305 2193 3410 senior,
2230 3302 3203 3423 totumqueCapitulum
3254 3297 3937 3410 Metropolitanae
3988 3293 4418 3381 Ecclesiae

1035 3419 1691 3539 salisburgensiss
1737 3418 2147 3531 fatemur,
2215 3457 2310 3511 ac
2387 3448 2867 3510 attestamur
2904 3485 2927 3529 ,
2995 3422 3268 3506 omnia
3322 3481 3345 3524 ,
3412 3447 3627 3535 quae
3678 3421 3760 3500 in
3850 3414 4414 3530 praesentibus

1034 3538 1290 3627 literis
1341 3544 1923 3652 continentur,
1993 3570 2269 3633 nostro
2320 3576 2723 3632 consensu
2773 3564 3037 3631 erecta
3081 3603 3105 3648 ,
3174 3537 3691 3656 proindeque
3751 3538 4170 3655 perpetuis
4220 3565 4417 3621 ven-

1031 3666 1232 3747 turis
1289 3663 1799 3776 temporibus
1848 3664 2357 3755 observanda
2410 3695 2583 3753 esse
2619 3729 2642 3774 ‚
2703 3696 2856 3780 pro
2903 3667 3142 3776 cujus
3237 3661 3757 3749 roboratione
3843 3656 4200 3769 sigillum
4271 3684 4416 3740 no-

1033 3804 1295 3867 strum
1349 3784 1823 3898 Capitulare
1874 3781 2463 3901 appendimus»,
2517 3811 2599 3875 et
2653 3818 2797 3872 nos
2849 3781 3294 3898 supradicti
3362 3781 3933 3894 PraeposituS‚
3999 3776 4409 3881 Decanus,

1034 3933 1131 4005 ac
1182 3903 1470 3990 Senior
1524 3903 1762 3992 hasce
1814 3906 2084 3994 literas
2133 3909 2517 3997 manibus
2567 3908 2913 4026 propriis
2963 3904 3621 4020 subscripsimus.
3691 3898 3956 3990 Datae
4007 3894 4411 4011 Salisbur·

1036 4026 1115 4135 gi
1169 4020 1305 4110 die
1365 4025 1493 4113 15.
1547 4026 1823 4113 Martii
1874 4060 2095 4114 anno
2154 4028 2404 4146 1737.

1155 4144 1530 4234 Andreas
1578 4147 1937 4235 Jacobus
1990 4149 2290 4237 Comes
2341 4148 2448 4237 de
2495 4145 3096 4235 Dietrichstein
3141 4144 3687 4262 Praepositus.

1152 4263 1558 4353 Ernestus
1612 4268 1705 4351 L.
1759 4268 1855 4353 B.
1911 4269 2016 4356 de
2069 4271 2432 4357 Firmian
2484 4269 2903 4356 DecanuS.
3753 4286 3760 4295 '

1157 4385 1644 4475 franciscus
1720 4390 2021 4478 Comes
2072 4389 2177 4479 de
2231 4390 2845 4479 Liechtenstein
2905 4388 3215 4483 SeniQr.

1144 4625 1328 4712 Nos
1403 4628 1856 4742 Leopoldus
1907 4631 2082 4717 Dei
2123 4637 2413 4751 gratia
2463 4631 3165 4744 Arclziepiscopas
3217 4628 3878 4749 Salisburgensis
3941 4628 4301 4714 Sanctae

684 4826 723 4839 ..
1040 4814 1051 4825 .
1192 4794 1203 4815 ·
1340 4747 1578 4835 Sedis
1644 4751 2180 4866 Apostolicae
2231 4755 2598 4873 Legatas
2646 4752 2927 4840 Natus
2996 4755 3333 4837 Primas
3391 4751 3906 4839 Germaniae
3953 4768 4104 4856 etc.
4269 4784 4278 4787 ·

699 5011 1012 5078 Fundanio
1155 4994 1222 5094 8.
1302 4990 1429 5078 15.
1500 4992 1994 5080 Profitemur
2042 5024 2191 5107 pro
2238 4991 2503 5079 Nobis
2537 5059 2566 5098 ,
2619 4993 3102 5110 Nostrisque
3156 4993 3239 5078 in
3293 4991 4019 5108 Archiepiscopatu
4080 4991 4411 5075 Succes-

658 5104 980 5211 Missisnis
1036 5114 1359 5211 ‚scribas
1394 5179 1423 5219 ,
1488 5138 1570 5199 et
1622 5138 1909 5200 notum
1966 5114 2308 5200 facimus
2378 5116 2800 5200 universis.
2871 5115 3314 5230 Postquam
3405 5113 3908 5200 honorabilis
3942 5128 3972 5218 ,⁸
4049 5143 4144 5195 ac
4214 5106 4411 5195 dile-

652 5194 975 5351 ssrissnssgm
1044 5258 1221 5321 ctus
1289 5235 1548 5321 Nobis
1603 5236 1691 5321 P.
1748 5236 2177 5351 Benjamin
2233 5234 2481 5320 Elbel
2537 5232 2877 5322 Ordinis
2927 5235 3352 5341 M‘inorum
3395 5238 3487 5337 S.
3543 5234 3953 5319 Francisci
4047 5229 4411 5317 Recolle-

660 5360 1361 5445 recollecto-morum
1418 5356 1898 5442 Provinciae
1955 5358 2574 5465 Argentinensis
2628 5356 3162 5455 Provincialis
3196 5387 3376 5442 suo
3413 5416 3436 5460 ,
3501 5378 3583 5441 et
3633 5350 4003 5468 ejusdem
4074 5350 4411 5438 Provin-

654 5493 799 5535 rum
849 5472 911 5534 in
1044 5480 1211 5562 cine
1276 5479 1604 5562 nomine
1641 5541 1668 5581 ‚
1734 5508 1885 5562 nec
1940 5509 2101 5562 non
2158 5499 2375 5561 totus
2429 5476 2798 5590 ejusdem
2865 5479 2946 5562 S.
3004 5473 3344 5562 Ordinis
3385 5474 3880 5561 Conventus
3943 5473 4196 5589 hujus
4261 5469 4412 5556 hu·

654 5576 992 5632 montanus.
1040 5599 1344 5687 militer
1394 5598 1936 5714 supplicando
1986 5598 2245 5686 Nobis
2296 5623 2848 5715 exposuerunt
2883 5658 2907 5704 ,
2962 5598 3312 5719 qualiter
3361 5594 3658 5685 dilecta
3695 5659 3718 5705 ν
3785 5619 3864 5683 ‘32
3932 5592 4197 5697 fidelis
4246 5591 4414 5693 Nc:
