<?xml version="1.0" encoding="UTF-8"?>
<!DOCTYPE html PUBLIC "-//W3C//DTD XHTML 1.0 Transitional//EN"
    "http://www.w3.org/TR/xhtml1/DTD/xhtml1-transitional.dtd">
<html xmlns="http://www.w3.org/1999/xhtml" xml:lang="en" lang="en">
 <head>
  <title>
</title>
<meta http-equiv="Content-Type" content="text/html;charset=utf-8" />
  <meta name='ocr-system' content='tesseract 3.04.00' />
  <meta name='ocr-capabilities' content='ocr_page ocr_carea ocr_par ocr_line ocrx_word'/>
</head>
<body>
  <div class='ocr_page' id='page_1' title='image "./bullariumpontif00fidegoog_0105.png"; bbox 0 0 4834 6409; ppageno 0'>
   <div class='ocr_carea' id='block_1_1' title="bbox 348 390 3723 623">
    <p class='ocr_par' dir='ltr' id='par_1_1' title="bbox 348 390 3723 623">
     <span class='ocr_line' id='line_1_1' title="bbox 348 390 3723 623; baseline 0.007 -50"><span class='ocrx_word' id='word_1_1' title='bbox 348 484 782 611; x_wconf 73' lang='lat' dir='ltr'><strong>quendum</strong></span> <span class='ocrx_word' id='word_1_2' title='bbox 830 492 1695 609; x_wconf 37' lang='lat' dir='ltr'><strong>in·.ea⁴pa1·,te;·quae</strong></span> <span class='ocrx_word' id='word_1_3' title='bbox 1743 510 1865 582; x_wconf 81' lang='lat' dir='ltr'><strong>est</strong></span> <span class='ocrx_word' id='word_1_4' title='bbox 1927 500 2241 583; x_wconf 72' lang='lat' dir='ltr'><strong>tenoris</strong></span> <span class='ocrx_word' id='word_1_5' title='bbox 2299 500 2779 615; x_wconf 63' lang='lat' dir='ltr'><strong>sequmvtisz</strong></span> <span class='ocrx_word' id='word_1_6' title='bbox 2853 499 3064 588; x_wconf 85' lang='lat' dir='ltr'><strong>Item</strong></span> <span class='ocrx_word' id='word_1_7' title='bbox 3085 518 3094 526; x_wconf 78' lang='grc'><strong><em>’</em></strong></span> <span class='ocrx_word' id='word_1_8' title='bbox 3115 390 3723 623; x_wconf 41' lang='lat' dir='ltr'><strong>praecipitantis,</strong></span> 
     </span>
    </p>
   </div>
   <div class='ocr_carea' id='block_1_2' title="bbox 349 607 3738 1580">
    <p class='ocr_par' dir='ltr' id='par_1_2' title="bbox 349 607 3732 1217">
     <span class='ocr_line' id='line_1_2' title="bbox 350 607 3732 746; baseline 0.005 -48"><span class='ocrx_word' id='word_1_9' title='bbox 350 631 446 700; x_wconf 82' lang='lat' dir='ltr'><strong>ut</strong></span> <span class='ocrx_word' id='word_1_10' title='bbox 486 612 715 725; x_wconf 64' lang='lat' dir='ltr'><strong>§uxta</strong></span> <span class='ocrx_word' id='word_1_11' title='bbox 765 607 1289 698; x_wconf 85' lang='lat' dir='ltr'><strong>laudabilem.</strong></span> <span class='ocrx_word' id='word_1_12' title='bbox 1324 613 1751 700; x_wconf 82' lang='lat' dir='ltr'><strong>Ecclesiae</strong></span> <span class='ocrx_word' id='word_1_13' title='bbox 1810 615 2504 706; x_wconf 85' lang='lat' dir='ltr'><strong>consuetudinem</strong></span> <span class='ocrx_word' id='word_1_14' title='bbox 2567 649 2894 736; x_wconf 80' lang='lat' dir='ltr'><strong>semper</strong></span> <span class='ocrx_word' id='word_1_15' title='bbox 2940 623 3415 737; x_wconf 85' lang='lat' dir='ltr'><strong>imponatur</strong></span> <span class='ocrx_word' id='word_1_16' title='bbox 3463 627 3732 746; x_wconf 89' lang='lat' dir='ltr'><strong>bapti·</strong></span> 
     </span>
     <span class='ocr_line' id='line_1_3' title="bbox 349 727 3729 856; baseline 0.006 -38"><span class='ocrx_word' id='word_1_17' title='bbox 349 727 619 818; x_wconf 85' lang='lat' dir='ltr'><strong>zaudo</strong></span> <span class='ocrx_word' id='word_1_18' title='bbox 654 764 723 820; x_wconf 75' lang='lat' dir='ltr'><strong>a</strong></span> <span class='ocrx_word' id='word_1_19' title='bbox 769 732 1242 845; x_wconf 79' lang='lat' dir='ltr'><strong>baptizante</strong></span> <span class='ocrx_word' id='word_1_20' title='bbox 1293 765 1596 824; x_wconf 85' lang='lat' dir='ltr'><strong>nomen</strong></span> <span class='ocrx_word' id='word_1_21' title='bbox 1648 734 2317 850; x_wconf 82' lang='lat' dir='ltr'><strong>alicujus‘San&#39;cti</strong></span> <span class='ocrx_word' id='word_1_22' title='bbox 2370 742 2455 823; x_wconf 89' lang='lat' dir='ltr'><strong>in</strong></span> <span class='ocrx_word' id='word_1_23' title='bbox 2510 739 3098 856; x_wconf 81' lang='lat' dir='ltr'><strong>Martyrologio</strong></span> <span class='ocrx_word' id='word_1_24' title='bbox 3145 744 3527 836; x_wconf 87' lang='lat' dir='ltr'><strong>Romano</strong></span> <span class='ocrx_word' id='word_1_25' title='bbox 3582 747 3729 840; x_wconf 77' lang='lat' dir='ltr'><strong>de·-</strong></span> 
     </span>
     <span class='ocr_line' id='line_1_4' title="bbox 349 855 3727 990; baseline -0.002 -26"><span class='ocrx_word' id='word_1_26' title='bbox 349 873 633 990; x_wconf 86' lang='lat' dir='ltr'><strong>scripti</strong></span> <span class='ocrx_word' id='word_1_27' title='bbox 666 934 698 977; x_wconf 84' lang='lat'>‚</span> <span class='ocrx_word' id='word_1_28' title='bbox 751 859 1095 951; x_wconf 87' lang='lat' dir='ltr'><strong>omnino</strong></span> <span class='ocrx_word' id='word_1_29' title='bbox 1142 855 1603 948; x_wconf 79' lang='lat' dir='ltr'><strong>interdictis</strong></span> <span class='ocrx_word' id='word_1_30' title='bbox 1666 858 2149 946; x_wconf 87' lang='lat' dir='ltr'><strong>nominibus</strong></span> <span class='ocrx_word' id='word_1_31' title='bbox 2223 858 2643 954; x_wconf 83' lang='lat' dir='ltr'><strong>idolorum</strong></span> <span class='ocrx_word' id='word_1_32' title='bbox 2679 925 2703 968; x_wconf 87' lang='lat'><strong>,</strong></span> <span class='ocrx_word' id='word_1_33' title='bbox 2767 862 2904 950; x_wconf 86' lang='lat' dir='ltr'><strong>vel</strong></span> <span class='ocrx_word' id='word_1_34' title='bbox 2980 861 3256 953; x_wconf 84' lang='lat' dir='ltr'><strong>falsae·</strong></span> <span class='ocrx_word' id='word_1_35' title='bbox 3305 868 3727 979; x_wconf 75' lang='lat' dir='ltr'>religionis</span> 
     </span>
     <span class='ocr_line' id='line_1_5' title="bbox 349 977 3728 1112; baseline -0.001 -31"><span class='ocrx_word' id='word_1_36' title='bbox 349 992 1016 1112; x_wconf 64' lang='lat' dir='ltr'><strong>poenitentium5</strong></span> <span class='ocrx_word' id='word_1_37' title='bbox 1082 977 1384 1096; x_wconf 87' lang='lat' dir='ltr'><strong>quibus</strong></span> <span class='ocrx_word' id='word_1_38' title='bbox 1433 977 1781 1090; x_wconf 77' lang='lat' dir='ltr'><strong>gentiles</strong></span> <span class='ocrx_word' id='word_1_39' title='bbox 1829 1000 2236 1084; x_wconf 87' lang='lat' dir='ltr'><strong>utuntur,</strong></span> <span class='ocrx_word' id='word_1_40' title='bbox 2312 1005 2395 1068; x_wconf 90' lang='lat' dir='ltr'><strong>et</strong></span> <span class='ocrx_word' id='word_1_41' title='bbox 2449 981 2820 1097; x_wconf 84' lang='lat' dir='ltr'><strong>neophiti</strong></span> <span class='ocrx_word' id='word_1_42' title='bbox 2870 982 3272 1072; x_wconf 88' lang='lat' dir='ltr'><strong>hactenus</strong></span> <span class='ocrx_word' id='word_1_43' title='bbox 3324 990 3728 1104; x_wconf 84' lang='lat' dir='ltr'><strong>appellari</strong></span> 
     </span>
     <span class='ocr_line' id='line_1_6' title="bbox 357 1099 3720 1217; baseline 0.004 -35"><span class='ocrx_word' id='word_1_44' title='bbox 357 1132 1020 1216; x_wconf 63' lang='lat' dir='ltr'><strong>consue-vemat,</strong></span> <span class='ocrx_word' id='word_1_45' title='bbox 1084 1121 1526 1217; x_wconf 86' lang='lat' dir='ltr'><strong>antequam</strong></span> <span class='ocrx_word' id='word_1_46' title='bbox 1578 1131 1726 1214; x_wconf 87' lang='lat' dir='ltr'><strong>per</strong></span> <span class='ocrx_word' id='word_1_47' title='bbox 1763 1099 2276 1211; x_wconf 85' lang='lat' dir='ltr'><strong>Baptismum</strong></span> <span class='ocrx_word' id='word_1_48' title='bbox 2333 1124 2608 1207; x_wconf 86' lang='lat' dir='ltr'><strong>essent</strong></span> <span class='ocrx_word' id='word_1_49' title='bbox 2650 1102 3008 1198; x_wconf 87' lang='lat' dir='ltr'><strong>Divinae</strong></span> <span class='ocrx_word' id='word_1_50' title='bbox 3056 1108 3359 1216; x_wconf 86' lang='lat' dir='ltr'><strong>gratiae</strong></span> <span class='ocrx_word' id='word_1_51' title='bbox 3425 1113 3720 1197; x_wconf 91' lang='lat' dir='ltr'><strong>renati.</strong></span> 
     </span>
    </p>

    <p class='ocr_par' dir='ltr' id='par_1_3' title="bbox 354 1217 3738 1580">
     <span class='ocr_line' id='line_1_7' title="bbox 474 1217 3738 1320; baseline -0 -1"><span class='ocrx_word' id='word_1_52' title='bbox 474 1229 1150 1320; x_wconf 77' lang='lat' dir='ltr'><strong>Eminentissimi</strong></span> <span class='ocrx_word' id='word_1_53' title='bbox 1194 1221 1658 1308; x_wconf 78' lang='lat' dir='ltr'><strong>dixerunt:</strong></span> <span class='ocrx_word' id='word_1_54' title='bbox 1726 1217 2335 1314; x_wconf 81' lang='lat' dir='ltr'><strong>Moderandum</strong></span> <span class='ocrx_word' id='word_1_55' title='bbox 2393 1253 2566 1314; x_wconf 80' lang='lat' dir='ltr'><strong>osse</strong></span> <span class='ocrx_word' id='word_1_56' title='bbox 2599 1219 3148 1314; x_wconf 39' lang='lat' dir='ltr'><strong>‘decretum-s</strong></span> <span class='ocrx_word' id='word_1_57' title='bbox 3182 1225 3492 1316; x_wconf 84' lang='lat' dir='ltr'><strong>Deleto</strong></span> <span class='ocrx_word' id='word_1_58' title='bbox 3544 1261 3738 1319; x_wconf 83' lang='lat' dir='ltr'><strong>ver·-</strong></span> 
     </span>
     <span class='ocr_line' id='line_1_8' title="bbox 354 1339 3724 1461; baseline -0.001 -20"><span class='ocrx_word' id='word_1_59' title='bbox 354 1356 524 1441; x_wconf 89' lang='lat' dir='ltr'><strong>bo:</strong></span> <span class='ocrx_word' id='word_1_60' title='bbox 591 1351 1178 1461; x_wconf 81' lang='lat' dir='ltr'><strong>Praecipimus</strong></span> <span class='ocrx_word' id='word_1_61' title='bbox 1219 1377 1238 1425; x_wconf 72' lang='grc' dir='ltr'><strong><em>τ</em></strong></span> <span class='ocrx_word' id='word_1_62' title='bbox 1289 1341 1510 1427; x_wconf 89' lang='lat' dir='ltr'><strong>Cum</strong></span> <span class='ocrx_word' id='word_1_63' title='bbox 1562 1339 1978 1426; x_wconf 82' lang='lat' dir='ltr'>clausula:</span> <span class='ocrx_word' id='word_1_64' title='bbox 2057 1344 2371 1427; x_wconf 76' lang='lat' dir='ltr'><strong>Carent</strong></span> <span class='ocrx_word' id='word_1_65' title='bbox 2424 1361 2838 1456; x_wconf 80' lang='lat' dir='ltr'><strong>quantum</strong></span> <span class='ocrx_word' id='word_1_66' title='bbox 2868 1344 3110 1461; x_wconf 79' lang='lat' dir='ltr'><strong>fieri.</strong></span> <span class='ocrx_word' id='word_1_67' title='bbox 3125 1364 3398 1459; x_wconf 82' lang='lat' dir='ltr'><strong>potest</strong></span> <span class='ocrx_word' id='word_1_68' title='bbox 3429 1409 3454 1454; x_wconf 85' lang='lat'>,</span> <span class='ocrx_word' id='word_1_69' title='bbox 3484 1346 3724 1438; x_wconf 77' lang='lat' dir='ltr'><strong>firm&#39;a</strong></span> 
     </span>
     <span class='ocr_line' id='line_1_9' title="bbox 354 1455 3724 1580; baseline -0.001 -22"><span class='ocrx_word' id='word_1_70' title='bbox 354 1461 834 1560; x_wconf 71' lang='lat' dir='ltr'><strong>remanente</strong></span> <span class='ocrx_word' id='word_1_71' title='bbox 883 1464 1467 1555; x_wconf 81' lang='lat' dir='ltr'><strong>interdictione</strong></span> <span class='ocrx_word' id='word_1_72' title='bbox 1502 1524 1527 1569; x_wconf 88' lang='lat'>‚</span> <span class='ocrx_word' id='word_1_73' title='bbox 1606 1455 1882 1579; x_wconf 83' lang='lat' dir='ltr'><strong>quoad</strong></span> <span class='ocrx_word' id='word_1_74' title='bbox 1933 1463 2266 1548; x_wconf 89' lang='lat' dir='ltr'><strong>nomina</strong></span> <span class='ocrx_word' id='word_1_75' title='bbox 2321 1458 2802 1569; x_wconf 80' lang='lat' dir='ltr'><strong>Idolorum,</strong></span> <span class='ocrx_word' id='word_1_76' title='bbox 2869 1485 2952 1549; x_wconf 88' lang='lat' dir='ltr'><strong>et</strong></span> <span class='ocrx_word' id='word_1_77' title='bbox 3000 1459 3251 1552; x_wconf 85' lang='lat' dir='ltr'><strong>falsae</strong></span> <span class='ocrx_word' id='word_1_78' title='bbox 3301 1469 3724 1580; x_wconf 85' lang='lat' dir='ltr'><strong>religionis</strong></span> 
     </span>
    </p>
   </div>
   <div class='ocr_carea' id='block_1_3' title="bbox 351 1591 3866 5635">
    <p class='ocr_par' dir='ltr' id='par_1_4' title="bbox 351 1591 3170 1819">
     <span class='ocr_line' id='line_1_10' title="bbox 351 1591 993 1707; baseline -0.014 -26"><span class='ocrx_word' id='word_1_79' title='bbox 351 1591 993 1707; x_wconf 84' lang='lat' dir='ltr'><strong>poenitentium.</strong></span> 
     </span>
     <span class='ocr_line' id='line_1_11' title="bbox 1293 1697 3170 1819; baseline -0.003 -28"><span class='ocrx_word' id='word_1_80' title='bbox 1293 1706 1560 1791; x_wconf 69' lang='lat' dir='ltr'><strong>Fet-ia</strong></span> <span class='ocrx_word' id='word_1_81' title='bbox 1609 1705 1693 1808; x_wconf 76' lang='grc'><strong>4.</strong></span> <span class='ocrx_word' id='word_1_82' title='bbox 1756 1698 1894 1786; x_wconf 82' lang='lat' dir='ltr'><strong>die</strong></span> <span class='ocrx_word' id='word_1_83' title='bbox 1948 1730 2085 1785; x_wconf 80' lang='lat'><strong>22.</strong></span> <span class='ocrx_word' id='word_1_84' title='bbox 2138 1697 2476 1816; x_wconf 78' lang='lat' dir='ltr'><strong>Aprilis</strong></span> <span class='ocrx_word' id='word_1_85' title='bbox 2537 1702 2790 1819; x_wconf 82' lang='lat'>1733.</span> <span class='ocrx_word' id='word_1_86' title='bbox 3161 1783 3170 1800; x_wconf 66' lang='lat'><em>,</em></span> 
     </span>
    </p>

    <p class='ocr_par' dir='ltr' id='par_1_5' title="bbox 355 1819 3728 2546">
     <span class='ocr_line' id='line_1_12' title="bbox 476 1819 3727 1947; baseline -0.002 -26"><span class='ocrx_word' id='word_1_87' title='bbox 476 1832 862 1921; x_wconf 81' lang='lat' dir='ltr'><strong>Tertium</strong></span> <span class='ocrx_word' id='word_1_88' title='bbox 908 1827 1263 1916; x_wconf 88' lang='lat' dir='ltr'><strong>dubium</strong></span> <span class='ocrx_word' id='word_1_89' title='bbox 1298 1859 1320 1908; x_wconf 73' lang='grc' dir='ltr'><strong><em>ε</em></strong></span> <span class='ocrx_word' id='word_1_90' title='bbox 1390 1822 1540 1910; x_wconf 85' lang='lat' dir='ltr'><strong>An</strong></span> <span class='ocrx_word' id='word_1_91' title='bbox 1575 1887 1600 1932; x_wconf 88' lang='lat'>‚</span> <span class='ocrx_word' id='word_1_92' title='bbox 1649 1838 1729 1903; x_wconf 79' lang='lat' dir='ltr'><strong>et</strong></span> <span class='ocrx_word' id='word_1_93' title='bbox 1786 1819 2199 1938; x_wconf 84' lang='lat' dir='ltr'><strong>quomodo</strong></span> <span class='ocrx_word' id='word_1_94' title='bbox 2257 1819 2585 1907; x_wconf 82' lang='lat' dir='ltr'><strong>dictum</strong></span> <span class='ocrx_word' id='word_1_95' title='bbox 2628 1825 3089 1909; x_wconf 80' lang='lat' dir='ltr'><strong>Decretum</strong></span> <span class='ocrx_word' id='word_1_96' title='bbox 3136 1829 3249 1914; x_wconf 83' lang='lat' dir='ltr'><strong>sit</strong></span> <span class='ocrx_word' id='word_1_97' title='bbox 3296 1857 3727 1947; x_wconf 79' lang='lat' dir='ltr'><strong>exequen-</strong></span> 
     </span>
     <span class='ocr_line' id='line_1_13' title="bbox 355 1942 3725 2068; baseline -0.001 -30"><span class='ocrx_word' id='word_1_98' title='bbox 355 1957 562 2044; x_wconf 80' lang='lat' dir='ltr'><strong>dum</strong></span> <span class='ocrx_word' id='word_1_99' title='bbox 612 1959 706 2038; x_wconf 85' lang='lat' dir='ltr'><strong>in</strong></span> <span class='ocrx_word' id='word_1_100' title='bbox 751 1982 855 2036; x_wconf 85' lang='lat' dir='ltr'><strong>ea</strong></span> <span class='ocrx_word' id='word_1_101' title='bbox 896 1968 1143 2068; x_wconf 81' lang='lat' dir='ltr'><strong>parte</strong></span> <span class='ocrx_word' id='word_1_102' title='bbox 1170 2011 1201 2053; x_wconf 91' lang='lat'><em>,</em></span> <span class='ocrx_word' id='word_1_103' title='bbox 1259 1975 1479 2065; x_wconf 82' lang='lat' dir='ltr'><strong>quae</strong></span> <span class='ocrx_word' id='word_1_104' title='bbox 1527 1961 1651 2031; x_wconf 84' lang='lat' dir='ltr'><strong>est</strong></span> <span class='ocrx_word' id='word_1_105' title='bbox 1699 1948 2004 2029; x_wconf 67' lang='lat' dir='ltr'><strong>tenoris</strong></span> <span class='ocrx_word' id='word_1_106' title='bbox 2056 1948 2524 2060; x_wconf 81' lang='lat' dir='ltr'><strong>sequentis:</strong></span> <span class='ocrx_word' id='word_1_107' title='bbox 2592 1942 2772 2030; x_wconf 89' lang='lat' dir='ltr'><strong>Nec</strong></span> <span class='ocrx_word' id='word_1_108' title='bbox 2818 1943 3208 2033; x_wconf 83' lang='lat' dir='ltr'><strong>Parochis</strong></span> <span class='ocrx_word' id='word_1_109' title='bbox 3237 2009 3261 2054; x_wconf 87' lang='lat'><strong>,</strong></span> <span class='ocrx_word' id='word_1_110' title='bbox 3326 1978 3474 2034; x_wconf 92' lang='lat' dir='ltr'><strong>seu</strong></span> <span class='ocrx_word' id='word_1_111' title='bbox 3522 1949 3725 2035; x_wconf 88' lang='lat' dir='ltr'><strong>Mis·</strong></span> 
     </span>
     <span class='ocr_line' id='line_1_14' title="bbox 355 2061 3721 2187; baseline -0.003 -22"><span class='ocrx_word' id='word_1_112' title='bbox 355 2077 730 2165; x_wconf 87' lang='lat' dir='ltr'><strong>sionariis</strong></span> <span class='ocrx_word' id='word_1_113' title='bbox 778 2069 938 2157; x_wconf 90' lang='lat' dir='ltr'><strong>sub</strong></span> <span class='ocrx_word' id='word_1_114' title='bbox 990 2069 1284 2187; x_wconf 81' lang='lat' dir='ltr'><strong>quovis</strong></span> <span class='ocrx_word' id='word_1_115' title='bbox 1330 2077 1758 2184; x_wconf 78' lang='lat' dir='ltr'><strong>&#39;praetextu</strong></span> <span class='ocrx_word' id='word_1_116' title='bbox 1807 2065 2051 2151; x_wconf 89' lang='lat' dir='ltr'><strong>liceat</strong></span> <span class='ocrx_word' id='word_1_117' title='bbox 2100 2065 2687 2151; x_wconf 83' lang='lat' dir='ltr'><strong>‘Sanctissimae</strong></span> <span class='ocrx_word' id='word_1_118' title='bbox 2754 2061 3106 2170; x_wconf 86' lang='lat' dir='ltr'><strong>Crucis,</strong></span> <span class='ocrx_word' id='word_1_119' title='bbox 3170 2067 3662 2156; x_wconf 89' lang='lat' dir='ltr'><strong>Sanctorum</strong></span> <span class='ocrx_word' id='word_1_120' title='bbox 3695 2133 3721 2175; x_wconf 89' lang='lat'><strong>,</strong></span> 
     </span>
     <span class='ocr_line' id='line_1_15' title="bbox 359 2184 3728 2301; baseline -0.002 -15"><span class='ocrx_word' id='word_1_121' title='bbox 359 2221 449 2286; x_wconf 89' lang='lat' dir='ltr'><strong>et</strong></span> <span class='ocrx_word' id='word_1_122' title='bbox 496 2225 774 2283; x_wconf 87' lang='lat' dir='ltr'><strong>rerum</strong></span> <span class='ocrx_word' id='word_1_123' title='bbox 823 2219 1236 2277; x_wconf 85' lang='lat' dir='ltr'><strong>sacrarum</strong></span> <span class='ocrx_word' id='word_1_124' title='bbox 1292 2187 1626 2273; x_wconf 90' lang='lat' dir='ltr'><strong>nomina</strong></span> <span class='ocrx_word' id='word_1_125' title='bbox 1674 2217 1822 2301; x_wconf 88' lang='lat' dir='ltr'><strong>per</strong></span> <span class='ocrx_word' id='word_1_126' title='bbox 1868 2184 2256 2292; x_wconf 85' lang='lat' dir='ltr'><strong>translata</strong></span> <span class='ocrx_word' id='word_1_127' title='bbox 2302 2185 2768 2292; x_wconf 88' lang='lat' dir='ltr'><strong>immutare,</strong></span> <span class='ocrx_word' id='word_1_128' title='bbox 2820 2214 2978 2272; x_wconf 90' lang='lat' dir='ltr'><strong>nec</strong></span> <span class='ocrx_word' id='word_1_129' title='bbox 3024 2215 3123 2273; x_wconf 88' lang='lat' dir='ltr'><strong>ea</strong></span> <span class='ocrx_word' id='word_1_130' title='bbox 3171 2187 3333 2274; x_wconf 90' lang='lat' dir='ltr'><strong>alio</strong></span> <span class='ocrx_word' id='word_1_131' title='bbox 3382 2184 3728 2278; x_wconf 86' lang='lat' dir='ltr'><strong>idioma-</strong></span> 
     </span>
     <span class='ocr_line' id='line_1_16' title="bbox 355 2299 3717 2430; baseline -0.002 -26"><span class='ocrx_word' id='word_1_132' title='bbox 355 2342 444 2404; x_wconf 87' lang='lat' dir='ltr'><strong>te</strong></span> <span class='ocrx_word' id='word_1_133' title='bbox 493 2314 894 2430; x_wconf 83' lang='lat' dir='ltr'><strong>explicare</strong></span> <span class='ocrx_word' id='word_1_134' title='bbox 933 2374 957 2418; x_wconf 83' lang='lat'>‚</span> <span class='ocrx_word' id='word_1_135' title='bbox 1020 2311 1176 2395; x_wconf 89' lang='lat' dir='ltr'><strong>nisi</strong></span> <span class='ocrx_word' id='word_1_136' title='bbox 1259 2309 1512 2394; x_wconf 88' lang='lat' dir='ltr'><strong>latino</strong></span> <span class='ocrx_word' id='word_1_137' title='bbox 1547 2368 1572 2413; x_wconf 88' lang='lat'>,</span> <span class='ocrx_word' id='word_1_138' title='bbox 1638 2306 1774 2394; x_wconf 81' lang='lat' dir='ltr'><strong>vel</strong></span> <span class='ocrx_word' id='word_1_139' title='bbox 1821 2306 2109 2393; x_wconf 85' lang='lat' dir='ltr'><strong>saltem</strong></span> <span class='ocrx_word' id='word_1_140' title='bbox 2175 2299 2469 2389; x_wconf 82' lang='lat' dir='ltr'><strong>Indico</strong></span> <span class='ocrx_word' id='word_1_141' title='bbox 2500 2369 2531 2411; x_wconf 91' lang='lat'><em>,</em></span> <span class='ocrx_word' id='word_1_142' title='bbox 2596 2319 3004 2422; x_wconf 82' lang='lat' dir='ltr'><strong>quatenus</strong></span> <span class='ocrx_word' id='word_1_143' title='bbox 3064 2336 3309 2394; x_wconf 80' lang='lat' dir='ltr'><strong>voces</strong></span> <span class='ocrx_word' id='word_1_144' title='bbox 3375 2306 3717 2397; x_wconf 83' lang='lat' dir='ltr'><strong>Indicae</strong></span> 
     </span>
     <span class='ocr_line' id='line_1_17' title="bbox 358 2421 3565 2546; baseline -0.004 -21"><span class='ocrx_word' id='word_1_145' title='bbox 358 2436 811 2546; x_wconf 86' lang='lat' dir='ltr'><strong>Religionis</strong></span> <span class='ocrx_word' id='word_1_146' title='bbox 885 2433 1182 2517; x_wconf 80' lang='lat' dir='ltr'><strong>latinae</strong></span> <span class='ocrx_word' id='word_1_147' title='bbox 1240 2423 1814 2541; x_wconf 84' lang='lat' dir='ltr'><strong>significationi</strong></span> <span class='ocrx_word' id='word_1_148' title='bbox 1871 2421 2191 2544; x_wconf 87' lang='lat' dir='ltr'><strong>liquido</strong></span> <span class='ocrx_word' id='word_1_149' title='bbox 2227 2484 2252 2529; x_wconf 86' lang='lat'><strong><em>‚</em></strong></span> <span class='ocrx_word' id='word_1_150' title='bbox 2305 2446 2389 2509; x_wconf 90' lang='lat' dir='ltr'><strong>et</strong></span> <span class='ocrx_word' id='word_1_151' title='bbox 2439 2421 2935 2511; x_wconf 84' lang='lat' dir='ltr'><strong>adamussim</strong></span> <span class='ocrx_word' id='word_1_152' title='bbox 2981 2426 3565 2541; x_wconf 79' lang='lat' dir='ltr'><strong>respondeant.</strong></span> 
     </span>
    </p>

    <p class='ocr_par' dir='ltr' id='par_1_6' title="bbox 354 2543 3732 3033">
     <span class='ocr_line' id='line_1_18' title="bbox 480 2543 3731 2653; baseline -0.002 -12"><span class='ocrx_word' id='word_1_153' title='bbox 480 2554 1157 2642; x_wconf 80' lang='lat' dir='ltr'><strong>Eminentissimi</strong></span> <span class='ocrx_word' id='word_1_154' title='bbox 1233 2546 1697 2633; x_wconf 78' lang='lat' dir='ltr'><strong>dixerunt:</strong></span> <span class='ocrx_word' id='word_1_155' title='bbox 1767 2544 2026 2653; x_wconf 88' lang='lat' dir='ltr'><strong>Quod</strong></span> <span class='ocrx_word' id='word_1_156' title='bbox 2087 2565 2460 2631; x_wconf 86' lang='lat' dir='ltr'><strong>servetur</strong></span> <span class='ocrx_word' id='word_1_157' title='bbox 2517 2543 2974 2632; x_wconf 86' lang='lat' dir='ltr'><strong>Decretum</strong></span> <span class='ocrx_word' id='word_1_158' title='bbox 3059 2544 3731 2635; x_wconf 89' lang='lat' dir='ltr'><strong>Eminentissimi</strong></span> 
     </span>
     <span class='ocr_line' id='line_1_19' title="bbox 356 2661 3732 2778; baseline -0.006 -13"><span class='ocrx_word' id='word_1_159' title='bbox 356 2676 467 2765; x_wconf 91' lang='lat' dir='ltr'><strong>de</strong></span> <span class='ocrx_word' id='word_1_160' title='bbox 515 2676 913 2760; x_wconf 88' lang='lat' dir='ltr'><strong>Tournon</strong></span> <span class='ocrx_word' id='word_1_161' title='bbox 949 2733 974 2778; x_wconf 85' lang='lat'>,</span> <span class='ocrx_word' id='word_1_162' title='bbox 1041 2692 1125 2755; x_wconf 89' lang='lat' dir='ltr'><strong>et</strong></span> <span class='ocrx_word' id='word_1_163' title='bbox 1171 2664 1687 2771; x_wconf 83' lang='lat' dir='ltr'><strong>declaretur,</strong></span> <span class='ocrx_word' id='word_1_164' title='bbox 1755 2695 1919 2749; x_wconf 91' lang='lat' dir='ltr'><strong>non</strong></span> <span class='ocrx_word' id='word_1_165' title='bbox 1973 2661 2277 2750; x_wconf 87' lang='lat' dir='ltr'><strong>habere</strong></span> <span class='ocrx_word' id='word_1_166' title='bbox 2328 2663 2608 2747; x_wconf 89' lang='lat' dir='ltr'><strong>locum</strong></span> <span class='ocrx_word' id='word_1_167' title='bbox 2658 2666 2745 2747; x_wconf 91' lang='lat' dir='ltr'><strong>in</strong></span> <span class='ocrx_word' id='word_1_168' title='bbox 2806 2663 3153 2753; x_wconf 83' lang='lat' dir='ltr'><strong>vocibus</strong></span> <span class='ocrx_word' id='word_1_169' title='bbox 3205 2730 3236 2770; x_wconf 86' lang='lat'><em>,</em></span> <span class='ocrx_word' id='word_1_170' title='bbox 3302 2691 3386 2753; x_wconf 91' lang='lat' dir='ltr'><strong>et</strong></span> <span class='ocrx_word' id='word_1_171' title='bbox 3449 2670 3732 2754; x_wconf 75' lang='lat' dir='ltr'><strong>nomi-,</strong></span> 
     </span>
     <span class='ocr_line' id='line_1_20' title="bbox 358 2783 3719 2908; baseline -0.002 -25"><span class='ocrx_word' id='word_1_172' title='bbox 358 2797 612 2884; x_wconf 87' lang='lat' dir='ltr'><strong>nibus</strong></span> <span class='ocrx_word' id='word_1_173' title='bbox 661 2792 983 2908; x_wconf 80' lang='lat' dir='ltr'><strong>jam&#39;ab</strong></span> <span class='ocrx_word' id='word_1_174' title='bbox 1035 2788 1550 2875; x_wconf 85' lang='lat' dir='ltr'><strong>institutione</strong></span> <span class='ocrx_word' id='word_1_175' title='bbox 1610 2783 2024 2869; x_wconf 86' lang='lat' dir='ltr'><strong>Missionis</strong></span> <span class='ocrx_word' id='word_1_176' title='bbox 2073 2783 2630 2868; x_wconf 86' lang='lat' dir='ltr'><strong>communiter</strong></span> <span class='ocrx_word' id='word_1_177' title='bbox 2692 2784 3093 2898; x_wconf 78' lang='lat' dir='ltr'><strong>receptiS‚</strong></span> <span class='ocrx_word' id='word_1_178' title='bbox 3160 2816 3372 2903; x_wconf 90' lang='lat' dir='ltr'><strong>quae</strong></span> <span class='ocrx_word' id='word_1_179' title='bbox 3437 2808 3719 2876; x_wconf 89' lang='lat' dir='ltr'><strong>tamen</strong></span> 
     </span>
     <span class='ocr_line' id='line_1_21' title="bbox 354 2903 3314 3033; baseline -0.006 -28"><span class='ocrx_word' id='word_1_180' title='bbox 354 2948 508 3033; x_wconf 86' lang='lat' dir='ltr'><strong>per</strong></span> <span class='ocrx_word' id='word_1_181' title='bbox 556 2913 776 2999; x_wconf 89' lang='lat' dir='ltr'><strong>hanc</strong></span> <span class='ocrx_word' id='word_1_182' title='bbox 824 2909 1462 2996; x_wconf 84' lang='lat' dir='ltr'><strong>declarationem</strong></span> <span class='ocrx_word' id='word_1_183' title='bbox 1520 2936 1679 2993; x_wconf 87' lang='lat' dir='ltr'><strong>nec</strong></span> <span class='ocrx_word' id='word_1_184' title='bbox 1728 2903 2290 3020; x_wconf 81' lang='lat' dir='ltr'><strong>approbantur</strong></span> <span class='ocrx_word' id='word_1_185' title='bbox 2325 2963 2348 3006; x_wconf 90' lang='lat'>,</span> <span class='ocrx_word' id='word_1_186' title='bbox 2414 2932 2696 3021; x_wconf 89' lang='lat' dir='ltr'><strong>neque</strong></span> <span class='ocrx_word' id='word_1_187' title='bbox 2733 2903 3314 3016; x_wconf 76' lang='lat' dir='ltr'><strong>reprobantur.</strong></span> 
     </span>
    </p>

    <p class='ocr_par' dir='ltr' id='par_1_7' title="bbox 358 3017 3866 4078">
     <span class='ocr_line' id='line_1_22' title="bbox 486 3017 3734 3145; baseline -0.001 -29"><span class='ocrx_word' id='word_1_188' title='bbox 486 3034 905 3138; x_wconf 88' lang='lat' dir='ltr'><strong>Quartum</strong></span> <span class='ocrx_word' id='word_1_189' title='bbox 954 3027 1365 3111; x_wconf 86' lang='lat' dir='ltr'><strong>dubium:</strong></span> <span class='ocrx_word' id='word_1_190' title='bbox 1433 3024 1582 3108; x_wconf 86' lang='lat' dir='ltr'><strong>An</strong></span> <span class='ocrx_word' id='word_1_191' title='bbox 1614 3088 1644 3127; x_wconf 84' lang='lat'><em>,</em></span> <span class='ocrx_word' id='word_1_192' title='bbox 1694 3043 1775 3107; x_wconf 83' lang='lat' dir='ltr'><strong>et</strong></span> <span class='ocrx_word' id='word_1_193' title='bbox 1807 3019 2219 3141; x_wconf 85' lang='lat' dir='ltr'><strong>quomodo</strong></span> <span class='ocrx_word' id='word_1_194' title='bbox 2265 3017 2590 3103; x_wconf 81' lang='lat' dir='ltr'><strong>dictum</strong></span> <span class='ocrx_word' id='word_1_195' title='bbox 2637 3022 3097 3107; x_wconf 78' lang='lat' dir='ltr'><strong>Decretum</strong></span> <span class='ocrx_word' id='word_1_196' title='bbox 3149 3029 3260 3107; x_wconf 84' lang='lat' dir='ltr'><strong>sit</strong></span> <span class='ocrx_word' id='word_1_197' title='bbox 3308 3051 3734 3145; x_wconf 63' lang='lat' dir='ltr'><strong>exequem</strong></span> 
     </span>
     <span class='ocr_line' id='line_1_23' title="bbox 358 3140 3737 3263; baseline -0.001 -24"><span class='ocrx_word' id='word_1_198' title='bbox 358 3153 571 3239; x_wconf 81' lang='lat' dir='ltr'><strong>dum</strong></span> <span class='ocrx_word' id='word_1_199' title='bbox 622 3156 713 3233; x_wconf 83' lang='lat' dir='ltr'><strong>in</strong></span> <span class='ocrx_word' id='word_1_200' title='bbox 770 3180 873 3232; x_wconf 83' lang='lat' dir='ltr'><strong>ea</strong></span> <span class='ocrx_word' id='word_1_201' title='bbox 914 3165 1209 3262; x_wconf 82' lang='lat' dir='ltr'><strong>parte,</strong></span> <span class='ocrx_word' id='word_1_202' title='bbox 1261 3171 1477 3263; x_wconf 83' lang='lat' dir='ltr'><strong>quae</strong></span> <span class='ocrx_word' id='word_1_203' title='bbox 1524 3162 1644 3227; x_wconf 81' lang='lat' dir='ltr'><strong>est</strong></span> <span class='ocrx_word' id='word_1_204' title='bbox 1694 3145 2525 3258; x_wconf 62' lang='lat' dir='ltr'><strong>tenoris-sequentis:</strong></span> <span class='ocrx_word' id='word_1_205' title='bbox 2592 3140 2710 3224; x_wconf 90' lang='lat' dir='ltr'><strong>Et</strong></span> <span class='ocrx_word' id='word_1_206' title='bbox 2756 3143 2951 3259; x_wconf 90' lang='lat' dir='ltr'><strong>quia</strong></span> <span class='ocrx_word' id='word_1_207' title='bbox 3000 3140 3471 3232; x_wconf 85' lang='lat' dir='ltr'><strong>audivimus</strong></span> <span class='ocrx_word' id='word_1_208' title='bbox 3501 3210 3527 3253; x_wconf 86' lang='lat'><strong>,</strong></span> <span class='ocrx_word' id='word_1_209' title='bbox 3583 3147 3737 3235; x_wconf 90' lang='lat' dir='ltr'><strong>Ba·</strong></span> 
     </span>
     <span class='ocr_line' id='line_1_24' title="bbox 358 3260 3733 3389; baseline -0.001 -31"><span class='ocrx_word' id='word_1_210' title='bbox 358 3275 759 3389; x_wconf 89' lang='lat' dir='ltr'><strong>ptismum</strong></span> <span class='ocrx_word' id='word_1_211' title='bbox 808 3265 1259 3353; x_wconf 87' lang='lat' dir='ltr'><strong>Infantium</strong></span> <span class='ocrx_word' id='word_1_212' title='bbox 1313 3288 1411 3350; x_wconf 78' lang='lat' dir='ltr'><strong>ex</strong></span> <span class='ocrx_word' id='word_1_213' title='bbox 1457 3261 1943 3348; x_wconf 87' lang='lat' dir='ltr'><strong>Christianis</strong></span> <span class='ocrx_word' id='word_1_214' title='bbox 2004 3260 2498 3346; x_wconf 91' lang='lat' dir='ltr'><strong>Parentibus</strong></span> <span class='ocrx_word' id='word_1_215' title='bbox 2558 3282 2925 3348; x_wconf 88' lang='lat' dir='ltr'><strong>ortorum</strong></span> <span class='ocrx_word' id='word_1_216' title='bbox 2972 3323 3000 3368; x_wconf 84' lang='lat'>,</span> <span class='ocrx_word' id='word_1_217' title='bbox 3069 3262 3554 3354; x_wconf 88' lang='lat' dir='ltr'><strong>eorumdem</strong></span> <span class='ocrx_word' id='word_1_218' title='bbox 3601 3270 3733 3354; x_wconf 88' lang='lat' dir='ltr'><strong>in·</strong></span> 
     </span>
     <span class='ocr_line' id='line_1_25' title="bbox 358 3377 3742 3502; baseline -0.002 -21"><span class='ocrx_word' id='word_1_219' title='bbox 358 3394 596 3481; x_wconf 88' lang='lat' dir='ltr'><strong>curia</strong></span> <span class='ocrx_word' id='word_1_220' title='bbox 645 3419 884 3502; x_wconf 84' lang='lat' dir='ltr'><strong>saepe</strong></span> <span class='ocrx_word' id='word_1_221' title='bbox 962 3389 1281 3501; x_wconf 86' lang='lat' dir='ltr'><strong>saepius</strong></span> <span class='ocrx_word' id='word_1_222' title='bbox 1343 3382 1493 3468; x_wconf 91' lang='lat' dir='ltr'><strong>diu</strong></span> <span class='ocrx_word' id='word_1_223' title='bbox 1556 3380 1923 3496; x_wconf 82' lang='lat' dir='ltr'><strong>protrahi</strong></span> <span class='ocrx_word' id='word_1_224' title='bbox 1973 3444 1998 3486; x_wconf 90' lang='lat'>,</span> <span class='ocrx_word' id='word_1_225' title='bbox 2069 3411 2233 3464; x_wconf 90' lang='lat' dir='ltr'><strong>non</strong></span> <span class='ocrx_word' id='word_1_226' title='bbox 2312 3381 2491 3468; x_wconf 89' lang='lat' dir='ltr'><strong>sine</strong></span> <span class='ocrx_word' id='word_1_227' title='bbox 2554 3383 2911 3468; x_wconf 85' lang='lat' dir='ltr'><strong>maximo</strong></span> <span class='ocrx_word' id='word_1_228' title='bbox 2971 3377 3390 3474; x_wconf 78' lang='lat' dir='ltr'><strong>dictorum</strong></span> <span class='ocrx_word' id='word_1_229' title='bbox 3449 3385 3742 3473; x_wconf 79' lang='lat' dir='ltr'><strong>,infan-</strong></span> 
     </span>
     <span class='ocr_line' id='line_1_26' title="bbox 361 3499 3724 3616; baseline -0.001 -18"><span class='ocrx_word' id='word_1_230' title='bbox 361 3513 580 3599; x_wconf 84' lang='lat' dir='ltr'><strong>tium</strong></span> <span class='ocrx_word' id='word_1_231' title='bbox 629 3509 910 3595; x_wconf 87' lang='lat' dir='ltr'><strong>salutis</strong></span> <span class='ocrx_word' id='word_1_232' title='bbox 957 3504 1431 3593; x_wconf 88' lang='lat' dir='ltr'><strong>discrimine</strong></span> <span class='ocrx_word' id='word_1_233' title='bbox 1466 3567 1494 3611; x_wconf 87' lang='lat'><strong>,</strong></span> <span class='ocrx_word' id='word_1_234' title='bbox 1558 3517 1992 3590; x_wconf 83' lang='lat' dir='ltr'><strong>monemus</strong></span> <span class='ocrx_word' id='word_1_235' title='bbox 2041 3499 3012 3616; x_wconf 79' lang='lat' dir='ltr'><strong>evangelicos&#39;operarios</strong></span> <span class='ocrx_word' id='word_1_236' title='bbox 3046 3563 3072 3608; x_wconf 85' lang='lat'><strong>,</strong></span> <span class='ocrx_word' id='word_1_237' title='bbox 3137 3527 3231 3590; x_wconf 90' lang='lat' dir='ltr'><strong>ut</strong></span> <span class='ocrx_word' id='word_1_238' title='bbox 3280 3504 3724 3594; x_wconf 80' lang='lat' dir='ltr'><strong>Sacrorum</strong></span> 
     </span>
     <span class='ocr_line' id='line_1_27' title="bbox 364 3618 3736 3740; baseline -0.001 -22"><span class='ocrx_word' id='word_1_239' title='bbox 364 3631 810 3718; x_wconf 90' lang='lat' dir='ltr'><strong>Canonum</strong></span> <span class='ocrx_word' id='word_1_240' title='bbox 864 3657 1265 3713; x_wconf 87' lang='lat' dir='ltr'><strong>memores</strong></span> <span class='ocrx_word' id='word_1_241' title='bbox 1339 3625 1789 3711; x_wconf 88' lang='lat' dir='ltr'><strong>terminum</strong></span> <span class='ocrx_word' id='word_1_242' title='bbox 1872 3621 2337 3706; x_wconf 83' lang='lat' dir='ltr'><strong>breviorem</strong></span> <span class='ocrx_word' id='word_1_243' title='bbox 2389 3681 2417 3725; x_wconf 86' lang='lat'>,</span> <span class='ocrx_word' id='word_1_244' title='bbox 2479 3652 2734 3740; x_wconf 89' lang='lat' dir='ltr'><strong>quam</strong></span> <span class='ocrx_word' id='word_1_245' title='bbox 2781 3618 2960 3710; x_wconf 78' lang='lat' dir='ltr'><strong>ficri</strong></span> <span class='ocrx_word' id='word_1_246' title='bbox 3010 3626 3312 3735; x_wconf 84' lang='lat' dir='ltr'><strong>possit,</strong></span> <span class='ocrx_word' id='word_1_247' title='bbox 3399 3630 3736 3715; x_wconf 88' lang='lat' dir='ltr'><strong>attentis</strong></span> 
     </span>
     <span class='ocr_line' id='line_1_28' title="bbox 367 3735 3735 3858; baseline -0.001 -20"><span class='ocrx_word' id='word_1_248' title='bbox 367 3747 1004 3839; x_wconf 76' lang='lat' dir='ltr'><strong>circumstantiis</strong></span> <span class='ocrx_word' id='word_1_249' title='bbox 1037 3810 1067 3850; x_wconf 87' lang='lat'>‚</span> <span class='ocrx_word' id='word_1_250' title='bbox 1148 3744 1665 3857; x_wconf 82' lang='lat' dir='ltr'><strong>genitoribus</strong></span> <span class='ocrx_word' id='word_1_251' title='bbox 1720 3735 2175 3858; x_wconf 82' lang='lat' dir='ltr'><strong>praefigant</strong></span> <span class='ocrx_word' id='word_1_252' title='bbox 2207 3804 2237 3844; x_wconf 87' lang='lat'><em>,</em></span> <span class='ocrx_word' id='word_1_253' title='bbox 2335 3744 2689 3851; x_wconf 80' lang='lat' dir='ltr'><strong>graviter</strong></span> <span class='ocrx_word' id='word_1_254' title='bbox 2763 3740 3353 3834; x_wconf 76' lang='lat' dir='ltr'><strong>conscientiam</strong></span> <span class='ocrx_word' id='word_1_255' title='bbox 3437 3775 3735 3834; x_wconf 87' lang='lat' dir='ltr'><strong>eorum</strong></span> 
     </span>
     <span class='ocr_line' id='line_1_29' title="bbox 367 3856 3866 3977; baseline -0.001 -20"><span class='ocrx_word' id='word_1_256' title='bbox 367 3890 803 3957; x_wconf 88' lang='lat' dir='ltr'><strong>onerantes</strong></span> <span class='ocrx_word' id='word_1_257' title='bbox 832 3929 856 3975; x_wconf 89' lang='lat'><strong>,</strong></span> <span class='ocrx_word' id='word_1_258' title='bbox 918 3867 1074 3952; x_wconf 89' lang='lat' dir='ltr'><strong>nisi</strong></span> <span class='ocrx_word' id='word_1_259' title='bbox 1124 3864 1334 3951; x_wconf 88' lang='lat' dir='ltr'><strong>filios</strong></span> <span class='ocrx_word' id='word_1_260' title='bbox 1384 3867 1598 3952; x_wconf 88' lang='lat' dir='ltr'><strong>intra</strong></span> <span class='ocrx_word' id='word_1_261' title='bbox 1648 3856 2106 3977; x_wconf 87' lang='lat' dir='ltr'><strong>praefixum</strong></span> <span class='ocrx_word' id='word_1_262' title='bbox 2154 3882 2479 3973; x_wconf 87' lang='lat' dir='ltr'><strong>tempus</strong></span> <span class='ocrx_word' id='word_1_263' title='bbox 2528 3857 2633 3945; x_wconf 90' lang='lat' dir='ltr'><strong>ad</strong></span> <span class='ocrx_word' id='word_1_264' title='bbox 2670 3859 3128 3948; x_wconf 87' lang='lat' dir='ltr'><strong>Ecclesiam</strong></span> <span class='ocrx_word' id='word_1_265' title='bbox 3157 3862 3556 3954; x_wconf 81' lang='lat' dir='ltr'><strong>,deferant</strong></span> <span class='ocrx_word' id='word_1_266' title='bbox 3589 3868 3734 3955; x_wconf 86' lang='lat' dir='ltr'><strong>Sa-</strong></span> <span class='ocrx_word' id='word_1_267' title='bbox 3863 3909 3866 3914; x_wconf 91' lang='lat'>·</span> 
     </span>
     <span class='ocr_line' id='line_1_30' title="bbox 369 3981 3214 4078; baseline -0.002 -1"><span class='ocrx_word' id='word_1_268' title='bbox 369 4020 516 4078; x_wconf 91' lang='lat' dir='ltr'><strong>cro</strong></span> <span class='ocrx_word' id='word_1_269' title='bbox 564 3989 831 4073; x_wconf 88' lang='lat' dir='ltr'><strong>Fonte</strong></span> <span class='ocrx_word' id='word_1_270' title='bbox 885 3981 1367 4075; x_wconf 87' lang='lat' dir='ltr'><strong>abluendos.</strong></span> <span class='ocrx_word' id='word_1_271' title='bbox 2469 4055 2480 4068; x_wconf 73' lang='grc'><strong><em>,</em></strong></span> <span class='ocrx_word' id='word_1_272' title='bbox 2741 4059 2752 4064; x_wconf 95' lang='grc'><strong><em>-</em></strong></span> <span class='ocrx_word' id='word_1_273' title='bbox 3005 3993 3016 4002; x_wconf 87' lang='grc'><em>“</em></span> <span class='ocrx_word' id='word_1_274' title='bbox 3099 3993 3112 4004; x_wconf 86' lang='grc'><strong><em>’</em></strong></span> <span class='ocrx_word' id='word_1_275' title='bbox 3203 4063 3214 4072; x_wconf 82' lang='grc'><strong>.</strong></span> 
     </span>
    </p>

    <p class='ocr_par' dir='ltr' id='par_1_8' title="bbox 372 4098 3736 4311">
     <span class='ocr_line' id='line_1_31' title="bbox 499 4098 3736 4196; baseline -0.001 -2"><span class='ocrx_word' id='word_1_276' title='bbox 499 4107 1177 4195; x_wconf 80' lang='lat' dir='ltr'><strong>Eminentissimi</strong></span> <span class='ocrx_word' id='word_1_277' title='bbox 1220 4102 1686 4189; x_wconf 77' lang='lat' dir='ltr'><strong>dixerunt:</strong></span> <span class='ocrx_word' id='word_1_278' title='bbox 1758 4101 2273 4191; x_wconf 83' lang='lat' dir='ltr'><strong>Servandum</strong></span> <span class='ocrx_word' id='word_1_279' title='bbox 2335 4127 2510 4187; x_wconf 85' lang='lat' dir='ltr'><strong>esse</strong></span> <span class='ocrx_word' id='word_1_280' title='bbox 2537 4098 3009 4196; x_wconf 80' lang='lat' dir='ltr'><strong>Decretum</strong></span> <span class='ocrx_word' id='word_1_281' title='bbox 3073 4103 3736 4193; x_wconf 81' lang='lat' dir='ltr'><strong>Eminentissim‘i</strong></span> 
     </span>
     <span class='ocr_line' id='line_1_32' title="bbox 372 4219 1483 4311; baseline -0.003 0"><span class='ocrx_word' id='word_1_282' title='bbox 372 4223 846 4311; x_wconf 88' lang='lat' dir='ltr'><strong>Cardinalis</strong></span> <span class='ocrx_word' id='word_1_283' title='bbox 897 4219 1004 4308; x_wconf 90' lang='lat' dir='ltr'><strong>de</strong></span> <span class='ocrx_word' id='word_1_284' title='bbox 1052 4222 1483 4308; x_wconf 88' lang='lat' dir='ltr'><strong>Tournon.</strong></span> 
     </span>
    </p>

    <p class='ocr_par' dir='ltr' id='par_1_9' title="bbox 370 4337 3751 5419">
     <span class='ocr_line' id='line_1_33' title="bbox 498 4337 3749 4461; baseline 0.001 -34"><span class='ocrx_word' id='word_1_285' title='bbox 498 4343 919 4452; x_wconf 89' lang='lat' dir='ltr'><strong>Quintum</strong></span> <span class='ocrx_word' id='word_1_286' title='bbox 968 4338 1323 4426; x_wconf 89' lang='lat' dir='ltr'><strong>dubium</strong></span> <span class='ocrx_word' id='word_1_287' title='bbox 1361 4375 1381 4424; x_wconf 77' lang='grc' dir='ltr'><strong><em>ε</em></strong></span> <span class='ocrx_word' id='word_1_288' title='bbox 1428 4337 1596 4427; x_wconf 81' lang='lat' dir='ltr'><strong>&#39;An</strong></span> <span class='ocrx_word' id='word_1_289' title='bbox 1628 4402 1654 4448; x_wconf 88' lang='lat'><strong>,</strong></span> <span class='ocrx_word' id='word_1_290' title='bbox 1703 4358 1786 4426; x_wconf 77' lang='lat' dir='ltr'><strong>et</strong></span> <span class='ocrx_word' id='word_1_291' title='bbox 1830 4339 2242 4461; x_wconf 81' lang='lat' dir='ltr'><strong>quomodo</strong></span> <span class='ocrx_word' id='word_1_292' title='bbox 2281 4340 2817 4457; x_wconf 79' lang='lat' dir='ltr'><strong>praedictum</strong></span> <span class='ocrx_word' id='word_1_293' title='bbox 2862 4346 3322 4430; x_wconf 81' lang='lat' dir='ltr'><strong>Decretum</strong></span> <span class='ocrx_word' id='word_1_294' title='bbox 3369 4347 3482 4430; x_wconf 81' lang='lat' dir='ltr'><strong>sit</strong></span> <span class='ocrx_word' id='word_1_295' title='bbox 3541 4374 3749 4431; x_wconf 78' lang='lat' dir='ltr'><strong>exe·</strong></span> 
     </span>
     <span class='ocr_line' id='line_1_34' title="bbox 370 4459 3736 4585; baseline 0.001 -36"><span class='ocrx_word' id='word_1_296' title='bbox 370 4459 808 4585; x_wconf 81' lang='lat' dir='ltr'><strong>quendum</strong></span> <span class='ocrx_word' id='word_1_297' title='bbox 862 4466 960 4545; x_wconf 83' lang='lat' dir='ltr'><strong>in</strong></span> <span class='ocrx_word' id='word_1_298' title='bbox 1002 4491 1105 4545; x_wconf 81' lang='lat' dir='ltr'><strong>ea</strong></span> <span class='ocrx_word' id='word_1_299' title='bbox 1157 4478 1453 4576; x_wconf 82' lang='lat' dir='ltr'><strong>parte,</strong></span> <span class='ocrx_word' id='word_1_300' title='bbox 1502 4483 1725 4577; x_wconf 78' lang='lat' dir='ltr'><strong>quae</strong></span> <span class='ocrx_word' id='word_1_301' title='bbox 1772 4480 1895 4546; x_wconf 82' lang='lat' dir='ltr'><strong>est</strong></span> <span class='ocrx_word' id='word_1_302' title='bbox 1953 4466 2258 4548; x_wconf 78' lang='lat' dir='ltr'><strong>temris</strong></span> <span class='ocrx_word' id='word_1_303' title='bbox 2304 4465 2774 4579; x_wconf 66' lang='lat' dir='ltr'><strong>sequentis:</strong></span> <span class='ocrx_word' id='word_1_304' title='bbox 2833 4464 3260 4551; x_wconf 88' lang='lat' dir='ltr'><strong>Praeterea</strong></span> <span class='ocrx_word' id='word_1_305' title='bbox 3313 4494 3510 4552; x_wconf 88' lang='lat' dir='ltr'><strong>cum</strong></span> <span class='ocrx_word' id='word_1_306' title='bbox 3558 4495 3736 4552; x_wconf 90' lang='lat' dir='ltr'><strong>mo·</strong></span> 
     </span>
     <span class='ocr_line' id='line_1_35' title="bbox 375 4576 3749 4699; baseline -0.001 -26"><span class='ocrx_word' id='word_1_307' title='bbox 375 4589 500 4673; x_wconf 78' lang='lat' dir='ltr'><strong>ris&#39;</strong></span> <span class='ocrx_word' id='word_1_308' title='bbox 540 4576 1024 4699; x_wconf 86' lang='lat' dir='ltr'><strong>hujusmodi</strong></span> <span class='ocrx_word' id='word_1_309' title='bbox 1075 4580 1457 4693; x_wconf 82' lang='lat' dir='ltr'><strong>Regionis</strong></span> <span class='ocrx_word' id='word_1_310' title='bbox 1504 4581 1662 4690; x_wconf 85' lang='lat' dir='ltr'><strong>sit,</strong></span> <span class='ocrx_word' id='word_1_311' title='bbox 1714 4603 1822 4667; x_wconf 90' lang='lat' dir='ltr'><strong>.ut</strong></span> <span class='ocrx_word' id='word_1_312' title='bbox 1869 4579 2220 4670; x_wconf 84' lang='lat' dir='ltr'><strong>infantes</strong></span> <span class='ocrx_word' id='word_1_313' title='bbox 2270 4597 2404 4669; x_wconf 81' lang='lat' dir='ltr'><strong>s&#39;ex</strong></span> <span class='ocrx_word' id='word_1_314' title='bbox 2441 4645 2466 4691; x_wconf 86' lang='lat'>‚</span> <span class='ocrx_word' id='word_1_315' title='bbox 2521 4581 2659 4671; x_wconf 82' lang='lat' dir='ltr'><strong>vel</strong></span> <span class='ocrx_word' id='word_1_316' title='bbox 2723 4606 3032 4699; x_wconf 88' lang='lat' dir='ltr'><strong>septem</strong></span> <span class='ocrx_word' id='word_1_317' title='bbox 3099 4613 3569 4697; x_wconf 86' lang='lat' dir='ltr'><strong>annorum3</strong></span> <span class='ocrx_word' id='word_1_318' title='bbox 3623 4586 3749 4670; x_wconf 86' lang='lat' dir='ltr'><strong>in·</strong></span> 
     </span>
     <span class='ocr_line' id='line_1_36' title="bbox 377 4700 3743 4815; baseline -0 -23"><span class='ocrx_word' id='word_1_319' title='bbox 377 4700 716 4792; x_wconf 84' lang='lat' dir='ltr'><strong>terdum</strong></span> <span class='ocrx_word' id='word_1_320' title='bbox 764 4704 1011 4789; x_wconf 88' lang='lat' dir='ltr'><strong>etiam</strong></span> <span class='ocrx_word' id='word_1_321' title='bbox 1063 4703 1149 4788; x_wconf 91' lang='lat' dir='ltr'><strong>in</strong></span> <span class='ocrx_word' id='word_1_322' title='bbox 1201 4703 1588 4789; x_wconf 84' lang='lat' dir='ltr'><strong>teneriori</strong></span> <span class='ocrx_word' id='word_1_323' title='bbox 1634 4724 1901 4789; x_wconf 84' lang='lat' dir='ltr'><strong>aetate</strong></span> <span class='ocrx_word' id='word_1_324' title='bbox 1984 4735 2081 4791; x_wconf 84' lang='lat' dir='ltr'><strong>ex</strong></span> <span class='ocrx_word' id='word_1_325' title='bbox 2130 4705 2600 4815; x_wconf 87' lang='lat' dir='ltr'><strong>genitorum</strong></span> <span class='ocrx_word' id='word_1_326' title='bbox 2650 4732 3056 4791; x_wconf 90' lang='lat' dir='ltr'><strong>consensu</strong></span> <span class='ocrx_word' id='word_1_327' title='bbox 3117 4705 3743 4792; x_wconf 87' lang='lat' dir='ltr'><strong>matrimonium</strong></span> 
     </span>
     <span class='ocr_line' id='line_1_37' title="bbox 384 4818 3746 4940; baseline 0 -30"><span class='ocrx_word' id='word_1_328' title='bbox 384 4821 959 4910; x_wconf 82' lang='lat' dir='ltr'><strong>indissolubile</strong></span> <span class='ocrx_word' id='word_1_329' title='bbox 1036 4818 1142 4910; x_wconf 90' lang='lat' dir='ltr'><strong>de</strong></span> <span class='ocrx_word' id='word_1_330' title='bbox 1189 4823 1596 4938; x_wconf 87' lang='lat' dir='ltr'><strong>praesenti</strong></span> <span class='ocrx_word' id='word_1_331' title='bbox 1646 4822 2137 4910; x_wconf 83' lang='lat' dir='ltr'><strong>contrahant</strong></span> <span class='ocrx_word' id='word_1_332' title='bbox 2206 4852 2354 4936; x_wconf 88' lang='lat' dir='ltr'><strong>per</strong></span> <span class='ocrx_word' id='word_1_333' title='bbox 2414 4825 3022 4935; x_wconf 87' lang='lat' dir='ltr'><strong>impositionem</strong></span> <span class='ocrx_word' id='word_1_334' title='bbox 3071 4823 3283 4936; x_wconf 83' lang='lat' dir='ltr'><strong>Taly</strong></span> <span class='ocrx_word' id='word_1_335' title='bbox 3342 4823 3683 4940; x_wconf 84' lang='lat' dir='ltr'><strong>pensilis</strong></span> <span class='ocrx_word' id='word_1_336' title='bbox 3719 4888 3746 4932; x_wconf 90' lang='lat'>,</span> 
     </span>
     <span class='ocr_line' id='line_1_38' title="bbox 388 4940 3751 5058; baseline 0.001 -29"><span class='ocrx_word' id='word_1_337' title='bbox 388 4974 538 5030; x_wconf 84' lang='lat' dir='ltr'><strong>seu</strong></span> <span class='ocrx_word' id='word_1_338' title='bbox 588 4971 882 5030; x_wconf 89' lang='lat' dir='ltr'><strong>aureae</strong></span> <span class='ocrx_word' id='word_1_339' title='bbox 930 4940 1291 5031; x_wconf 86' lang='lat' dir='ltr'><strong>Texerae</strong></span> <span class='ocrx_word' id='word_1_340' title='bbox 1337 4941 1752 5058; x_wconf 86' lang='lat' dir='ltr'><strong>Nuptialis</strong></span> <span class='ocrx_word' id='word_1_341' title='bbox 1800 4947 2075 5029; x_wconf 85' lang='lat' dir='ltr'><strong>uxoris</strong></span> <span class='ocrx_word' id='word_1_342' title='bbox 2122 4943 2338 5029; x_wconf 90' lang='lat' dir='ltr'><strong>collo</strong></span> <span class='ocrx_word' id='word_1_343' title='bbox 2372 5005 2399 5047; x_wconf 91' lang='lat'>‚</span> <span class='ocrx_word' id='word_1_344' title='bbox 2463 4944 2999 5030; x_wconf 88' lang='lat' dir='ltr'><strong>Missionariis</strong></span> <span class='ocrx_word' id='word_1_345' title='bbox 3043 4940 3533 5031; x_wconf 85' lang='lat' dir='ltr'><strong>mandamus</strong></span> <span class='ocrx_word' id='word_1_346' title='bbox 3557 5009 3592 5051; x_wconf 87' lang='lat'>‚</span> <span class='ocrx_word' id='word_1_347' title='bbox 3639 4976 3751 5035; x_wconf 88' lang='lat' dir='ltr'><strong>ne</strong></span> 
     </span>
     <span class='ocr_line' id='line_1_39' title="bbox 389 5058 3750 5179; baseline 0.001 -32"><span class='ocrx_word' id='word_1_348' title='bbox 389 5058 870 5179; x_wconf 67' lang='lat' dir='ltr'><strong>huju-‘odi</strong></span> <span class='ocrx_word' id='word_1_349' title='bbox 952 5063 1179 5148; x_wconf 89' lang='lat' dir='ltr'><strong>irrita</strong></span> <span class='ocrx_word' id='word_1_350' title='bbox 1257 5063 1781 5148; x_wconf 86' lang='lat' dir='ltr'><strong>matrimonia</strong></span> <span class='ocrx_word' id='word_1_351' title='bbox 1860 5067 2079 5150; x_wconf 86' lang='lat' dir='ltr'><strong>inter</strong></span> <span class='ocrx_word' id='word_1_352' title='bbox 2152 5060 2637 5148; x_wconf 88' lang='lat' dir='ltr'><strong>christianos</strong></span> <span class='ocrx_word' id='word_1_353' title='bbox 2716 5061 2894 5152; x_wconf 86' lang='lat' dir='ltr'><strong>fieri</strong></span> <span class='ocrx_word' id='word_1_354' title='bbox 2972 5066 3450 5178; x_wconf 88' lang='lat' dir='ltr'><strong>permittant</strong></span> <span class='ocrx_word' id='word_1_355' title='bbox 3500 5126 3527 5169; x_wconf 84' lang='lat'><strong>,</strong></span> <span class='ocrx_word' id='word_1_356' title='bbox 3594 5094 3750 5151; x_wconf 89' lang='lat' dir='ltr'><strong>nec</strong></span> 
     </span>
     <span class='ocr_line' id='line_1_40' title="bbox 382 5179 3744 5299; baseline 0 -30"><span class='ocrx_word' id='word_1_357' title='bbox 382 5211 724 5298; x_wconf 85' lang='lat' dir='ltr'><strong>sponsos</strong></span> <span class='ocrx_word' id='word_1_358' title='bbox 768 5183 887 5269; x_wconf 85' lang='lat' dir='ltr'><strong>sic</strong></span> <span class='ocrx_word' id='word_1_359' title='bbox 938 5183 1430 5296; x_wconf 86' lang='lat' dir='ltr'><strong>conjunctos</strong></span> <span class='ocrx_word' id='word_1_360' title='bbox 1478 5180 1953 5270; x_wconf 79' lang='lat' dir='ltr'><strong>cohabitare</strong></span> <span class='ocrx_word' id='word_1_361' title='bbox 2014 5184 2289 5269; x_wconf 86' lang='lat' dir='ltr'><strong>sinant</strong></span> <span class='ocrx_word' id='word_1_362' title='bbox 2318 5244 2341 5283; x_wconf 88' lang='lat'>,</span> <span class='ocrx_word' id='word_1_363' title='bbox 2411 5179 2681 5269; x_wconf 85' lang='lat' dir='ltr'><strong>donec</strong></span> <span class='ocrx_word' id='word_1_364' title='bbox 2729 5185 3137 5299; x_wconf 89' lang='lat' dir='ltr'><strong>completa</strong></span> <span class='ocrx_word' id='word_1_365' title='bbox 3181 5183 3548 5294; x_wconf 85' lang='lat' dir='ltr'><strong>legitima</strong></span> <span class='ocrx_word' id='word_1_366' title='bbox 3611 5215 3744 5269; x_wconf 89' lang='lat' dir='ltr'><strong>ae·</strong></span> 
     </span>
     <span class='ocr_line' id='line_1_41' title="bbox 384 5298 3743 5419; baseline 0.001 -31"><span class='ocrx_word' id='word_1_367' title='bbox 384 5325 549 5390; x_wconf 86' lang='lat' dir='ltr'><strong>tate</strong></span> <span class='ocrx_word' id='word_1_368' title='bbox 578 5364 602 5408; x_wconf 90' lang='lat'>‚</span> <span class='ocrx_word' id='word_1_369' title='bbox 666 5322 752 5388; x_wconf 92' lang='lat' dir='ltr'><strong>et</strong></span> <span class='ocrx_word' id='word_1_370' title='bbox 798 5301 1215 5416; x_wconf 85' lang='lat' dir='ltr'><strong>explorato</strong></span> <span class='ocrx_word' id='word_1_371' title='bbox 1260 5329 1550 5386; x_wconf 89' lang='lat' dir='ltr'><strong>eorum</strong></span> <span class='ocrx_word' id='word_1_372' title='bbox 1599 5331 2006 5393; x_wconf 86' lang='lat' dir='ltr'><strong>consensu</strong></span> <span class='ocrx_word' id='word_1_373' title='bbox 2053 5305 2140 5388; x_wconf 91' lang='lat' dir='ltr'><strong>in</strong></span> <span class='ocrx_word' id='word_1_374' title='bbox 2192 5298 2486 5390; x_wconf 87' lang='lat' dir='ltr'><strong>faciem</strong></span> <span class='ocrx_word' id='word_1_375' title='bbox 2534 5303 2956 5392; x_wconf 86' lang='lat' dir='ltr'><strong>Ecclesiae</strong></span> <span class='ocrx_word' id='word_1_376' title='bbox 3007 5307 3233 5419; x_wconf 83' lang='lat' dir='ltr'><strong>juxta</strong></span> <span class='ocrx_word' id='word_1_377' title='bbox 3296 5299 3645 5390; x_wconf 85' lang='lat' dir='ltr'><strong>formam</strong></span> <span class='ocrx_word' id='word_1_378' title='bbox 3696 5335 3743 5391; x_wconf 89' lang='lat' dir='ltr'><strong>a</strong></span> 
     </span>
    </p>

    <p class='ocr_par' dir='ltr' id='par_1_10' title="bbox 399 5416 3749 5635">
     <span class='ocr_line' id='line_1_42' title="bbox 399 5416 3749 5541; baseline 0.002 -36"><span class='ocrx_word' id='word_1_379' title='bbox 399 5422 566 5507; x_wconf 88' lang='lat' dir='ltr'><strong>Sac.</strong></span> <span class='ocrx_word' id='word_1_380' title='bbox 611 5420 993 5508; x_wconf 90' lang='lat' dir='ltr'><strong>Concilio</strong></span> <span class='ocrx_word' id='word_1_381' title='bbox 1041 5416 1533 5509; x_wconf 76' lang='lat' dir='ltr'><strong>TridentIno</strong></span> <span class='ocrx_word' id='word_1_382' title='bbox 1589 5425 2175 5541; x_wconf 86' lang='lat' dir='ltr'><strong>praescriptam</strong></span> <span class='ocrx_word' id='word_1_383' title='bbox 2222 5453 2512 5514; x_wconf 83' lang='lat' dir='ltr'><strong>verum</strong></span> <span class='ocrx_word' id='word_1_384' title='bbox 2541 5486 2567 5531; x_wconf 91' lang='lat'>,</span> <span class='ocrx_word' id='word_1_385' title='bbox 2633 5446 2720 5512; x_wconf 89' lang='lat' dir='ltr'><strong>et</strong></span> <span class='ocrx_word' id='word_1_386' title='bbox 2777 5427 3274 5512; x_wconf 89' lang='lat' dir='ltr'><strong>canonicum</strong></span> <span class='ocrx_word' id='word_1_387' title='bbox 3311 5420 3749 5514; x_wconf 86' lang='lat' dir='ltr'><strong>Matrimo-</strong></span> 
     </span>
     <span class='ocr_line' id='line_1_43' title="bbox 403 5542 2321 5635; baseline 0.002 -10"><span class='ocrx_word' id='word_1_388' title='bbox 403 5571 634 5630; x_wconf 75' lang='lat' dir='ltr'><strong>ntum</strong></span> <span class='ocrx_word' id='word_1_389' title='bbox 681 5542 1287 5635; x_wconf 66' lang='lat' dir='ltr'><strong>contraxerinc&#39;</strong></span> <span class='ocrx_word' id='word_1_390' title='bbox 1976 5599 1981 5605; x_wconf 90' lang='lat'>·</span> <span class='ocrx_word' id='word_1_391' title='bbox 2316 5585 2321 5592; x_wconf 93' lang='lat'><em>·</em></span> 
     </span>
    </p>
   </div>
  </div>
 </body>
</html>
