4834 6409
1078 484 1247 575 260

1073 637 1242 725 que
1306 628 1841 721 quocumque
1904 595 2368 690 Parochiali
2412 604 2792 716 semper,
2843 622 2931 688 et
2987 599 3311 720 ubique
3361 596 3825 689 Ordinariis
3875 600 4249 689 locorum
4332 618 4460 694 re·'

1075 749 1421 813 servato.
2034 774 2043 783 ·

1194 848 1506 931 Tertio,
1583 845 1997 929 Volumus
2058 846 2439 958 insuper,
2493 840 2722 963 quod
2771 845 2925 959 ipsi
2989 845 3484 933 Missionarii
3535 848 3620 930 in
3670 846 3928 933 vitam
3961 906 3986 951 ,
4035 865 4125 929 et
4187 874 4462 934 mores

1068 972 1239 1052 non
1292 964 1545 1050 modo
1607 963 2138 1077 subditorum
2226 969 2418 1080 ipsis
2457 970 2709 1049 -intra
2807 961 3280 1079 praedictae
3343 963 3828 1079 Lungaviae
3888 963 4096 1051 fines
4173 965 4450 1083 quoad

1064 1086 1486 1171 Missionis
1536 1080 2083 1172 ministerium
2138 1088 2762 1171 commissorum
2793 1147 2830 1191 ,.
2865 1081 3015 1169 sed
3064 1106 3149 1169 et
3196 1084 3485 1170 eorum
3515 1149 3541 1195 ,
3593 1087 3901 1204 quibus
3961 1087 4117 1199 ipsi
4167 1084 4457 1174 subdi-

1064 1209 1127 1289 ti
1183 1202 1279 1292 ex
1338 1203 1707 1316 delegata
1778 1230 2043 1291 nostra
2098 1204 2671 1321 jurisdictione
2722 1205 3104 1309 subsunt,
3125 1201 3421 1291 sedulo
3470 1208 3901 1317 invigilare
3950 1204 4449 1315 teneantur,

1066 1324 1434 1446 datoque
1486 1325 1820 1412 defectu
1875 1327 2277 1436 Religioni
2332 1324 2646 1411 directe
2682 1387 2706 1428 ,
2758 1326 2894 1412 vel
2945 1322 3349 1410 indirecte
3409 1330 3925 1439 perniciose,
3980 1328 4042 1409 si
4098 1324 4458 1415 fraterna

1066 1445 1524 1532 admonitio
1576 1478 1741 1531 non
1798 1448 2080 1551 tollat,
2148 1445 2409 1529 Nobis
2458 1510 2482 1551 ,
2548 1470 2631 1530 et
2683 1447 3312 1531 Successoribus
3362 1452 3659 1534 nostris
3707 1447 3812 1532 ad
3882 1450 4258 1561 proprias
4313 1481 4458 1534 au-

1063 1599 1197 1652 res
1262 1565 1636 1677 deferre3
1705 1600 1794 1652 ea
1848 1570 2018 1680 ipsa
2077 1569 2449 1669 ratione,
2516 1596 2684 1682 qua
2737 1598 2789 1651 e
2840 1589 3119 1650 contra
3179 1572 3474 1653 uostris
3559 1566 4248 1654 demandabimus
4297 1565 4457 1656 de*-

1064 1689 1288 1770 eanis
1342 1688 1754 1771 ruralibus
1804 1708 2325 1800 perspectum
2402 1686 2820 1793 habendi,
2885 1717 2986 1770 an
3046 1686 3536 1773 Missionarii
3592 1688 3739 1803 ipsi
3791 1688 4205 1772 Missionis
4254 1714 4460 1773 mu-

1063 1839 1225 1900 nus
1288 1805 1568 1890 debite
1617 1805 2179 1920 adimpleant,
2243 1830 2328 1893 et
2388 1832 2930 1925 assequantur
2981 1832 3079 1890 ex
3132 1836 3355 1913 asse,
3422 1808 3732 1924 quidve
3800 1830 4247 1921 operentur
4308 1807 4472 1895 ad·‘

1061 1957 1351 2012 versus
1429 1925 1632 2010 haec
1683 1952 1952 2011 nostra
2016 1927 2399 2012 mandata
2440 1992 2465 2031 ‚
2532 1928 2794 2013 Nobis
2845 1920 3266 2030 defectus,
3319 1928 3471 2011 ubi
3528 1928 3676 2012 hos
3712 1994 3737 2037 ,
3801 1931 3865 2012 si
3918 1927 4174 2043 aliqui
4224 1961 4452 2047 prae-

1065 2069 1193 2132 ter
1261 2076 1488 2161 spem
1557 2066 1919 2131 nostram
1981 2078 2311 2133 omnem
2394 2052 2950 2160 contigerint,
3017 2046 3375 2135 fraterna
3454 2046 3912 2137 admonitio
3995 2078 4162 2131 non
4224 2050 4457 2136 dissi·

1072 2189 1271 2282 pet,
1336 2163 1619 2252 debite
1662 2167 2069 2272 relaturis.
4265 2192 4272 2199 '

1241 2287 1587 2392 Quarto.
1677 2286 1959 2394 Quare
2042 2289 2790 2403 praesentabuntur
2874 2318 3193 2405 semper
3294 2290 3453 2376 viri
3533 2322 3725 2378 cum
3804 2294 4143 2377 scientia
4180 2352 4210 2392 ,
4270 2307 4451 2371 tum

1071 2427 1155 2492 et
1249 2408 1469 2491 vitae
1556 2410 2089 2493 sanctimonia
2195 2411 2472 2514 clari,
2570 2412 2848 2521 justi,
2967 2412 3507 2526 incorrupti,
3611 2416 3901 2523 integri
3970 2475 3994 2516 ,
4086 2436 4448 2510 suaves,

1068 2549 1153 2610 et
1186 2525 1555 2609 ”insimul
1619 2531 1942 2634 severi,
2010 2559 2346 2640 graves,
2435 2558 2820 2639 sagaces,
2885 2553 3063 2614 tum
3132 2533 3218 2613 in
3317 2530 3718 2642 polemica
3761 2595 3784 2636 ,
3851 2562 4103 2648 quam
4157 2533 4242 2614 in
4295 2528 4447 2630 iis,

1071 2644 1288 2764 quae
1350 2642 1453 2729 ad
1539 2648 2183 2760 promovendam
2276 2648 2851 2734 haereticalem
2913 2651 3538 2765 inquisitionem
3602 2649 4167 2756 conducunt,
4235 2647 4453 2732 bene

1061 2767 1417 2875 versati3
1482 2796 1640 2851 nec
1690 2771 2092 2885 accipient
2144 2770 2266 2857 illi
2319 2802 2361 2853 a
2414 2766 2769 2853 subditis
2831 2768 3106 2884 quoad
3159 2771 3569 2855 Missionis
3633 2802 3937 2858 munus
4001 2774 4117 2858 eis
4180 2767 4456 2879 subje-

1066 2888 1218 2971 ctis
1280 2886 1839 3001 eleemosynas
1903 2919 2053 3002 pro
2102 2890 2372 2974 Missis
2404 2888 2741 2994 ,aliave
2793 2918 3134 2975 munera
3171 2954 3194 2997 ‚
3260 2890 3535 2975 forent
3602 2891 3797 2976 licet
3843 2892 4317 2993 esculenta,
4366 2905 4456 2969 et

1058 3005 1503 3118 poculenta
1558 3070 1582 3111 ,
1652 3008 1939 3091 ⁴multo
1993 3012 2266 3094 minus
2319 3008 2594 3094 adhuc
2646 3008 3182 3116 collecturaS,
3249 3042 3394 3096 seu
3464 3037 3899 3126 quaestuas
3950 3014 4386 3096 instituent
4419 3066 4447 3110 ,

1059 3122 1234 3229 his,
1301 3147 1386 3209 et
1435 3125 1596 3209 illis
1648 3131 1935 3211 ceteris
1984 3127 2092 3214 de
2152 3129 2661 3214 Monasterio
2746 3128 3132 3214 Patribus
3182 3193 3207 3236 ,
3272 3152 3371 3213 ut
3445 3127 3842 3217 hactenus
3923 3131 4447 3231 habuerunt,

1059 3243 1367 3328 illaesis
1444 3249 1841 3352 retentiS,
1908 3252 2051 3364 qui
2119 3248 2610 3355 Missionarii
2675 3250 3010 3363 insuper
3057 3248 3563 3363 perdurante
3635 3253 4073 3338 Ministerii
4154 3274 4449 3335 eorum

1061 3361 1613 3480 praedefinito
1667 3390 2034 3482 tempore
2084 3369 2748 3479 Lungaviensem
2823 3367 3425 3456 praefecturam
3480 3371 3754 3481 egredi
3823 3402 3986 3456 non
4060 3388 4453 3483 poterunt

1062 3517 1109 3569 a
1162 3484 1425 3569 Nob‘is
1461 3546 1485 3590 ‚
1540 3487 1672 3570 vel
1726 3489 2354 3574 Successoribus
2420 3492 2717 3574 nostris
2769 3519 2933 3573 uon
2992 3490 3462 3603 praehabita
3515 3494 3843 3580 licentia
3872 3556 3904 3597 ,
3954 3496 4069 3578 eis
4120 3517 4448 3576 verum·

1061 3625 1337 3690 tamen
1396 3634 1561 3690 non
1631 3609 1784 3690 nisi
1837 3614 2061 3719 gravi
2116 3608 2221 3695 de
2273 3640 2517 3695 causa
2590 3606 3101 3719 deneganda.
3577 3706 3598 3726 χ

1184 3724 1535 3832 Quinto.
1603 3726 1843 3813 Licet
1930 3754 2207 3816 autem
2289 3727 2596 3814 Ordini
2663 3752 2812 3813 tuo
2884 3729 3406 3843 Apostolicae
3492 3732 3906 3818 Missionis
3965 3761 4275 3816 munus
4356 3733 4444 3814 in

1061 3842 1481 3959 praedicta
1537 3845 2092 3959 Luugaviensi
2175 3847 2698 3935 Praefectura
2745 3852 3148 3961 privative
3200 3856 3869 3955 committamus,
3919 3850 4273 3937 liberum
4328 3872 4447 3945 ta-

1062 3990 1253 4050 men
1308 3965 1570 4051 Nobis
1620 4031 1644 4072 ,
1708 3990 1798 4052 et
1859 3970 2480 4056 Successoribus
2563 3976 2855 4059 nostris
2926 3998 3097 4055 esse
3180 3970 3567 4054 volumus
3602 4035 3630 4075 ,
3699 3972 3895 4056 alios
3946 4000 4281 4088 quoque
4327 3969 4465 4090 ,al-j

1061 4087 1316 4170 terius
1382 4086 1832 4199 Religionis
1898 4093 2115 4176 viros
2168 4092 2251 4174 in
2341 4091 3008 4200 Lungaviensem
3089 4087 3552 4176 districtum
3641 4088 3748 4175 ad
3798 4114 4124 4204 tempus
4175 4092 4450 4176 mitte·

1056 4236 1213 4308 re,
1279 4204 1836 4292 Missionarios
1912 4207 2019 4295 de
2113 4207 2500 4296 districtu
2566 4237 2763 4296 vero
2845 4209 3044 4294 alibi
3121 4213 3369 4294 etiam
3420 4274 3445 4318 ,
3546 4234 3630 4296 et
3713 4232 3952 4297 extra.
4034 4212 4271 4295 illum
4337 4210 4464 4296 ad*

1055 4327 1491 4413 Missiones
1558 4332 1914 4439 pariter,
1979 4351 2251 4417 tamen
2332 4327 2439 4416 ad
2529 4351 2902 4442 tempus,
2984 4329 3413 4439 ablegare,
3478 4330 3870 4417 Missi-one
3948 4360 4098 4443 pro
4185 4331 4444 4416 Patri-

1055 4440 1217 4527 bus
1296 4450 1413 4529 tui
1497 4444 1838 4531 Ordinis
1905 4472 2476 4537 verumtamen
2560 4453 2640 4532 in
2731 4448 3156 4559 Lungavia
3211 4449 3687 4560 praedicta,
3776 4449 4108 4536 harum·
4154 4473 4438 4538 tenore

1059 4592 1384 4677 semper
1446 4565 1603 4651 fixa
1641 4628 1664 4671 ‚
1748 4589 1833 4652 et
1896 4572 1977 4655 in
2042 4600 2194 4654 suo
2275 4570 2574 4655 robore
2625 4567 2863 4651 firma
2939 4592 3350 4654 manente.
3423 4611 3431 4619 ·

1182 4683 1573 4805 Curabit·
1622 4686 1967 4799 proinde
2041 4690 2497 4775 Paternitas
2582 4709 2782 4793 tua,
2851 4691 3146 4805 tuique
3237 4719 3741 4777 successores
3817 4720 4106 4776 omnes
4157 4752 4180 4795 ,
4258 4720 4442 4805 per·

1052 4808 1329 4918 petuis
1390 4803 1691 4891 suturis
1757 4810 2319 4922 temporibus,
2390 4832 2488 4892 ut
2564 4829 2729 4891 tam
2815 4808 3167 4894 salutare
3253 4831 3623 4894 nostrum
3702 4814 4212 4927 propositum
4279 4810 4441 4895 ala·

1054 4928 1302 5013 criter
1374 4950 1941 5045 exequantur,
2009 4952 2259 5045 atque
2309 4933 2393 5012 in
2447 4950 2761 5042 partem
2812 4929 3236 5040 pastoralis
3311 4951 3633 5016 nostrae
3695 4929 4442 5016 solicitudinisvo·

1053 5050 1212 5130 cati
1270 5050 1421 5133 rite
1452 5042 1491 5152 ‚⁸
1532 5070 1618 5133 et
1664 5050 1967 5160 jugiter
2038 5051 2416 5162 expleant
2501 5046 2701 5131 haec
2765 5071 3033 5131 nostra
3119 5046 3529 5134 mandata.
3608 5049 3858 5157 Quod
3911 5054 3980 5133 si
4031 5055 4113 5136 in
4183 5048 4443 5136 adim-

1047 5164 1376 5278 plendis
1445 5164 1581 5251 ex‘
1627 5198 1799 5253 asse
1880 5169 2272 5253 omuibus
2350 5169 2867 5283 praescriptis
2953 5167 3458 5277 negligentes
3505 5234 3529 5277 ,
3569 5173 3956 5275 -incurii,
4049 5200 4439 5282 segnesve

1046 5282 1368 5372 fueritis
1404 5351 1433 5390 ,
1508 5286 2088 5400 Omnipotenti
2141 5290 2327 5373 Deo
2360 5351 2391 5391 ,
2463 5285 2777 5391 Nobis,
2851 5287 3477 5377 Successoribus
3563 5295 3858 5378 nostris
3895 5352 3918 5395 ,
3987 5314 4239 5408 atque
4298 5314 4438 5379 ve-

1048 5406 1400 5490 nerabili
1492 5429 1769 5492 nostro
1868 5406 2258 5522 Capitulo
2343 5406 2797 5497 districtam
2868 5404 3332 5493 reddituros
3410 5413 3861 5517 rationem,
3932 5440 4242 5528 vosque
4291 5439 4437 5496 no-

1046 5522 1361 5631 stram,
1422 5525 1893 5646 horumque
1945 5526 2597 5640 indignationem
2650 5530 3043 5625 noveritis
3096 5530 3590 5618 incursuros.
3659 5522 3970 5618 Ac‘tum
4037 5531 4440 5616 Salisbur-

1050 5648 1132 5766 gi
1201 5646 1638 5765 metropoli
1700 5671 1972 5753 nostra
2010 5648 2180 5736 -hac
2230 5646 2363 5745 die
2424 5644 2854 5762 14..·Mart.
2919 5648 3204 5772 1737..
3575 5696 3580 5705 ω
3657 5649 4389 5741 LEOPOLDUS.
