4834 6409
711 4291 1028 4359 Numerus

662 4378 924 4448 Petrum

660 4471 809 4539 Soc.
833 4476 987 4541 Jesu

1090 462 1159 523 a,

1082 600 1109 641 ·,
1150 436 1406 641 916⁸Jon
1444 551 1701 641 ‘liceat
1764 551 2148 651 Alumnis
2208 549 2461 648 studii
2521 574 2892 672 tempore
2921 622 2953 668 ,
3009 581 3102 650 et
3148 554 3375 649 horis
3416 583 3709 649 somno
3755 553 4175 666 assignatis
4225 587 4271 645 e
4321 592 4466 651 cu.

1090 675 1395 763 biculis
1476 673 1806 786 egredi,
1871 700 1955 763 et
2005 708 2200 765 cura
2250 680 2356 767 sit
2403 678 2667 763 Patris
2717 679 3075 771 Ministri
3123 711 3271 798 per
3317 710 3406 768 se
3452 681 3768 801 ipsum,
3822 675 3958 765 vel
4008 706 4157 795 per
4204 679 4462 773 alium

1088 795 1237 882 diu
1276 859 1302 904 ,
1359 818 1782 914 noctuque
1832 824 2001 885 non
2068 795 2319 887 modo
2372 797 2819 909 cubicula,
2868 798 3031 895 ‘sed
3094 804 3344 893 etiam
3407 798 3836 890 armariola
3898 793 4462 889 Alumnorum

1088 918 1651 1034 saepesaepius
1687 917 2147 1037 explorare.

2452 1161 2591 1249 De
2669 1144 3089 1286 officinis.
3137 1142 3144 1155 ⁸

1205 1404 1273 1502 S.
1350 1401 1478 1488 13.
1547 1398 1953 1491 officialis
2028 1406 2634 1525 cujuscumque
2692 1400 3075 1493 officinae
3109 1467 3138 1513 ,
3206 1425 3296 1492 et
3341 1402 3818 1521 praesertim
3879 1428 4155 1500 custos
4207 1403 4460 1492 cellae

1083 1523 1450 1611 vinariae
1499 1587 1524 1630 ‚
1586 1547 1675 1612 et
1724 1523 2164 1612 obsonator
2227 1527 2538 1613 librum
2589 1530 2939 1618 retineat
2971 1588 2997 1633 ,
3063 1528 3176 1611 in.
3226 1554 3397 1644 quo
3458 1522 3746 1610 dictim
3777 1584 3803 1629 ,
3868 1546 3953 1612 et
4003 1522 4462 1615 distinctim

1083 1642 1530 1731 adnotetur
1591 1646 1972 1731 introitus
2007 1706 2033 1750 ,
2096 1668 2182 1732 et
2256 1650 2520 1733 exitus
2594 1678 2872 1733 rerum
2910 1711 2940 1751 ‚
3001 1643 3110 1733 ad
3171 1636 3634 1763 quamlibet
3710 1672 3811 1729 ex
3871 1641 4230 1732 officinis
4277 1676 4458 1763 spe·

1085 1767 1483 1852 etantium
1513 1828 1538 1871 ,
1602 1788 1696 1852 ut
1747 1788 2133 1880 computa
2183 1799 2227 1852 a
2280 1767 2524 1856 Patre
2574 1768 2924 1855 Rectore
2951 1833 2981 1873 ‚
3014 1764 3151 1855 vel
3187 1765 3538 1881 Collegii
3589 1765 4198 1857 Ratiocinatore
4246 1797 4457 1855 sem-

1081 1914 1289 1999 per,
1357 1909 1439 1973 et
1486 1883 2195 2004 quandocumque
2274 1890 2487 2000 exigi
2549 1891 2882 2005 possint.

2405 2132 2545 2217 De
2617 2123 3117 2219 Coenacula.

1194 2369 1265 2469 S.
1341 2374 1472 2477 14.
1538 2368 1768 2455 Dum
1834 2399 1981 2485 per
2041 2367 2450 2457 Alumnos
2499 2373 2582 2460 in
2648 2373 2911 2487 prima
2960 2402 3243 2485 mensa
3289 2370 3726 2488 epulatur,
3796 2376 4250 2478 rigorosum
4300 2371 4445 2456 ob-

1072 2511 1449 2575 servetur
1507 2489 1928 2577 silentium
1965 2551 1991 2596 ,
2056 2514 2154 2578 ut
2212 2492 2525 2608 pabulo
2578 2493 2924 2599 Sacrae,
2990 2517 3071 2582 et
3120 2492 3746 2580 Ecclesiasticae
3799 2490 4174 2581 lectionis
4226 2521 4458 2577 man-

1073 2604 1477 2696 ducantes
1525 2613 1907 2724 spiritum
1974 2608 2374 2698 reficiant.

1193 2728 1445 2815 Nulla
1516 2733 1848 2845 penitus
1926 2727 2402 2820 differentia
2480 2734 2801 2819 intersit
2863 2734 3079 2820 inter
3159 2762 3527 2818 mensam
3614 2729 3775 2815 PP.
3859 2729 4286 2816 Societatis
4368 2731 4455 2814 in

1072 2842 1449 2961 Collegio
1515 2848 1995 2962 degentium
2032 2914 2061 2958 ,
2123 2876 2208 2939 et
2254 2885 2622 2942 mensam
2693 2854 3311 2967 Alumnorum3
3376 2855 3667 2970 quinta
3710 2913 3736 2959 ‚
3800 2872 3883 2936 et
3944 2852 4288 2963 septima
4340 2845 4456 2937 fe·

1070 2970 1191 3055 ria
1246 3001 1412 3056 una
1462 2967 1817 3057 addatur
1863 2975 2189 3088 portin,
2245 2997 2340 3058 ut
2385 2971 2830 3090 prandium
2863 3035 2889 3081 ,
2956 3005 3188 3059 suam
3235 2971 3579 3083 singulis
3646 2962 4220 3061 hebdomadae
4283 2967 4459 3057 die-

1065 3085 1226 3172 bus
1303 3093 1847 3207 quantitatem
1926 3090 2444 3180 conformem
2525 3094 2874 3205 habeat3
2919 3084 3588 3181 solemnioribus
3673 3113 3951 3177 autem
4015 3085 4241 3175 festis
4292 3124 4454 3178 una

1065 3237 1165 3292 ex
1214 3210 1498 3294 multis
1547 3213 2065 3325 portionibus
2113 3210 2221 3299 de
2272 3245 2510 3301 more
2541 3211 2717 3301 dari
2769 3216 3025 3301 solitis
3072 3210 3623 3298 subducatur:
3661 3207 4099 3298 merendae
4136 3235 4441 3317 autem,

1064 3358 1278 3446 quae
1347 3328 1688 3415 diversis
1756 3335 1951 3420 anni
2017 3335 2525 3449 temporibus
2577 3335 3130 3448 praebentur,
3194 3335 3536 3417 omnino
3589 3331 4042 3440 tollantur3
4109 3331 4448 3416 arbitrio

1066 3469 1337 3535 tamen
1396 3449 1485 3533 P.
1547 3450 1913 3539 Rectoris
1969 3455 2469 3572 relinquitur
2515 3453 2860 3541 facultas
2914 3450 3431 3542 concedendi
3481 3449 3915 3537 rnerendas
3949 3513 3974 3557 ‚
4043 3447 4440 3536 dum-au·

1063 3570 1574 3658 tumna'libus
1634 3574 2215 3660 vacationibus·
2253 3575 2545 3663 Monte
2597 3575 2850 3660 Portii
2906 3577 3253 3662 Alumni
3307 3573 3809 3659 rusticamur
3841 3633 3873 3676 ,
3946 3593 4030 3656 et
4080 3568 4448 3690 denique

1065 3711 1391 3801 praeter
1438 3692 2003 3806 jentaculum,
2058 3690 2552 3810 prandium,
2619 3717 2704 3781 et
2752 3725 3096 3789 coenam
3161 3692 3515 3781 vetitum'
3580 3691 3684 3776 sit
3734 3687 3943 3809 quid
4009 3688 4454 3816 minimum

1065 3807 1232 3895 cibi
1270 3872 1295 3918 ,
1356 3814 1486 3900 vel
1550 3835 1790 3932 potus
1866 3817 2040 3904 sive
2109 3819 2334 3920 ruri,
2398 3819 2573 3904 sive
2621 3818 2705 3901 in
2760 3815 3002 3903 Urbe·
3047 3813 3437 3901 Alumnis
3495 3808 4053 3927 suppeditare.

1996 4056 2136 4144 De
2198 4054 3057 4143 Administratorihus
3127 4050 3516 4179 Collegit}

1176 4295 1245 4393 S.
1321 4296 1449 4382 15.
1522 4294 2199 4404 AdministratiO,
2279 4317 2363 4383 et
2426 4295 2806 4407 gubernii
2859 4273 3065 4383 'cura
3119 4297 3201 4380 in
3262 4286 3611 4407 Angli‘co
3658 4290 4110 4380 exercenda
4162 4292 4439 4391 Colle-
4527 4369 4542 4379 .

1056 4415 1241 4523 gio,
1296 4448 1485 4501 cum
1544 4414 1887 4531 provide
1934 4413 2186 4505 fuerit
2254 4448 2301 4503 a
2352 4414 2756 4527 Gregorio
2801 4416 3047 4502 XIII.
3102 4415 3264 4500 ΡΡ.
3321 4416 3748 4501 Societatis
3795 4414 3996 4500 Jesu
4050 4417 4429 4500 commis-

668 4563 959 4655 collegio
1053 4561 1200 4642 sa3
1268 4533 1576 4624 idcirco
1626 4569 1669 4620 a
1724 4537 2302 4651 Superioribus
2377 4533 2648 4623 dictae
2735 4536 2942 4623 Ven.
2999 4537 3426 4623 Societatis
3485 4532 4005 4622 destinentur
4054 4536 4434 4652 quinque

660 4656 731 4720 in
771 4658 973 4727 servi·
1057 4649 1444 4764 Religiosi
1496 4655 1995 4744 ‘Sacerdotes
2032 4719 2056 4762 ,
2135 4679 2219 4743 et
2279 4680 2635 4775 quatuor
2683 4654 3034 4744 Fratres·
3069 4654 3297 4742 Laici
3335 4717 3360 4762 ,
3424 4655 3732 4773 quibus
3806 4652 4157 4765 Collegii
4229 4684 4430 4743 cura

514 4802 519 4807 ,
656 4746 840 4815 tium.

1054 4774 1162 4861 sit
1209 4771 1704 4865 demandata
1741 4839 1765 4883 ,
1821 4806 2092 4896 neque
2141 4775 2544 4893 praefixus
2596 4808 2991 4865 numerus
3043 4777 3338 4897 quovis
3389 4795 3822 4889 praetextu
3886 4777 4199 4893 absque
4248 4805 4432 4890 spe-

1053 4893 1240 4981 ciali
1292 4894 1678 4985 facultate
1746 4896 1946 4983 Emi
2016 4898 2508 4986 protectoris
2557 4920 3008 5010 augeatur,
3072 4926 3346 5015 neque
3393 4896 3816 4982 minuatur
3852 4957 3896 5002 ,„
3943 4926 4051 4983 ne
4110 4924 4258 5012 per
4308 4898 4435 4983 in-

1052 5026 1572 5105 crementum
1636 5018 2232 5130 Religiosorum
2289 5048 2683 5106 numerus
2735 5017 3292 5115 Alumnorum
3351 5011 3771 5104 decrescat
3805 5014 4030 5124 ,vel
4080 5045 4236 5145 per·
4274 5012 4433 5106 de·-

1051 5140 1535 5231 trimentum
1589 5139 2018 5235 necessarii
2084 5134 2480 5226 deficiant
2531 5136 2948 5226 officiales.
3371 5214 3378 5219 .
3795 5138 3822 5159 ²
4157 5234 4164 5241 ‚

1168 5256 1305 5341 Ex
1366 5255 1949 5348 Sacerdotibus
1997 5260 2542 5345 constituatur
2591 5259 2894 5355 ‚Rector
2926 5324 2957 5364 ,
3032 5256 3464 5365 Minister,
3517 5253 3989 5347 Praefectus
4038 5254 4434 5373 spiritus,

1046 5399 1131 5464 et
1182 5374 1353 5463 duo
1402 5379 1833 5492 Magistri3
1899 5410 1998 5466 ex
2076 5379 2296 5469 laicis
2356 5383 2719 5495 janitor,
2800 5377 3285 5497 distributor
3323 5440 3349 5485 ,
3411 5372 3857 5466 obsonator
3889 5443 3921 5483 ,
3981 5403 4066 5469 et
4137 5378 4429 5466 Socius

1045 5497 1151 5588 Ρ.·
1195 5498 1584 5589 Rectoris.
1634 5499 2088 5592 ‘Praeterea
2132 5496 2325 5586 duo
2387 5497 2660 5592 adsint
2722 5496 3121 5593 Praefecti
3207 5495 3686 5605 Sacerdotes
3738 5494 4209 5625 Saeculares
4244 5561 4269 5609 ,
4335 5521 4423 5588 et
