4834 6409
920 534 925 539 ι
3615 462 3807 553 -.263

440 599 647 705 tius,
719 606 1038 717 quanto
1085 583 1607 707 frequentius
1659 581 2123 673 evolvimus
2202 578 2448 692 flores
2496 582 2679 670 illos
2757 580 3092 673 honoris
3124 646 3149 692 ,
3197 596 3324 672 'et
3371 582 3821 673 honestatis

436 716 760 807 fructus
790 778 815 822 ,
849 715 996 830 qui
1047 739 1336 798 eorum
1388 703 1690 793 sudore
1740 702 1969 810 hunc
2020 726 2393 793 nostrum
2448 705 3061 821 plantationum
3097 704 3437 809 hortum
3486 707 3824 816 irrigan-

435 866 521 931 te
558 904 584 946 ,
652 836 1015 923 ubertim
1066 851 1683 933 succreverunt.
2907 898 2916 907 .
3205 916 3216 927 .

566 958 919 1045 Noverit
966 986 1059 1040 ea
1119 973 1446 1066 propter
1520 969 2185 1065 praesens-aetas
2220 1012 2250 1054 ,
2337 971 2422 1035 et
2495 942 2774 1034 futura
2812 1011 2835 1056 ,
2904 944 3136 1068 quod
3194 945 3829 1033 Venerabilium

448 1086 538 1169 in
571 1078 912 1163 Christo
964 1071 1581 1159 honorabilium
1633 1070 1895 1159 Nobis
1947 1064 2442 1155 dilectorum
2501 1066 2924 1155 Abbatum
2964 1065 3372 1185 praefatae
3401 1067 3831 1155 Universi·
3875 1168 3890 1179 ⁶

449 1201 598 1291 tati
692 1218 1036 1293 nostrae,
1092 1191 1357 1277 Nobis
1427 1222 1574 1305 per
1663 1192 1937 1277 omnia
2007 1187 2432 1304 subjectae
2484 1185 3304 1276 Confaederatorums
3361 1187 3753 1304 precibus
3799 1248 3827 1286 ‚

449 1349 781 1437 operam
834 1346 1066 1401 suam
1104 1373 1128 1417 ,
1201 1313 1641 1428 omnisque
1694 1308 2373 1427 promptitudinis
2452 1306 3010 1426 obsequium,
3081 1341 3248 1396 nou
3311 1312 3489 1396 sine
3551 1328 3832 1394 nostro

440 1442 733 1528 solatio
771 1499 794 1542 ,
862 1430 1094 1557 quod
1134 1451 1261 1519 'ex
1313 1432 1494 1517 zelo
1546 1464 1834 1520 eorum
1915 1430 2449 1544 concepimus
2487 1491 2511 1534 ,
2577 1427 3181 1535 offerentium,
3250 1461 3345 1516 ac
3406 1428 3832 1515 humiliter

442 1559 1084 1676 supplicantium
1119 1614 1143 1658 ,
1190 1575 1321 1655 ut,
1373 1573 1457 1635 et
1504 1555 1656 1664 ipsi
1708 1557 1791 1636 in
1845 1554 2322 1637 societatem
2382 1576 2544 1638 tam
2598 1552 2973 1653 salutaris
3027 1547 3589 1666 hujusNostri
3643 1557 3833 1663 ope-

447 1687 558 1769 ris
612 1679 1157 1766 admittantur
1195 1737 1235 1777 ‚,
1301 1677 1559 1788 inque
1611 1696 1775 1757 tam
1830 1672 2156 1782 gloriosi
2215 1671 2518 1779 laboris
2601 1674 3129 1786 participium
3179 1671 3434 1786 possit
3483 1671 3768 1755 venire
3806 1728 3829 1772 ,

446 1804 896 1889 clementer
979 1815 1436 1879 annuentes
1475 1855 1500 1899 ,
1563 1792 1844 1879 habito
1911 1789 2262 1906 desuper
2320 1793 2833 1880 Venerabilis
2883 1790 3160 1878 Nostri
3212 1789 3583 1905 Capituli
3633 1819 3830 1875 con·

450 1925 636 2010 silio
670 1985 700 2025 ,
764 1916 1338 2017 decrevimus,
1390 1937 1643 2028 prout
1697 1936 1978 1998 tenore
2028 1915 2585 2026 praesentium
2637 1915 3122 2000 auctorit-ate
3173 1930 3444 1999 nostra
3497 1906 3839 1995 Archis-

449 2038 844 2158 piscopali
881 2100 904 2143 ,
969 2058 1055 2122 et
1105 2034 1549 2147 Principali
1605 2030 2182 2138 decernimuS,
2235 2058 2341 2121 et·
2379 2035 2816 2121 statuimus
2853 2096 2876 2140 ,
2956 2032 3440 2146 praerelatis
3479 2029 3841 2118 Univer-

451 2165 669 2249 sitati
726 2180 1049 2243 nostrae
1099 2150 1672 2241 confoederatis
1741 2152 2213 2239 Abbatibus
2278 2184 2529 2240 unam
2588 2156 2799 2241 intra
2854 2154 3324 2266 Pongoviae
3373 2176 3696 2240 montes
3747 2180 3845 2236 ex

316 2320 321 2325 ·
452 2278 991 2369 Missionibus
1047 2276 1337 2361 nostris
1388 2276 1806 2388 perpetuis
1840 2337 1868 2379 ,
1933 2274 2091 2359 sub
2177 2274 2556 2387 legibus,
2618 2299 2704 2363 et
2752 2272 3374 2363 conditionibus
3433 2267 3848 2358 infrascri-

430 2408 617 2521 ,ptis
668 2465 692 2510 ‚
746 2423 827 2487 et
879 2393 1217 2517 quidem
1272 2397 1355 2479 in
1417 2396 1596 2481 loco
1648 2391 2199 2481 Schwazzach
2253 2393 2482 2487 dicto
2531 2456 2554 2500 ,
2609 2398 3843 2512 committere‚.-perpetuoque

457 2525 783 2612 firmare
839 2514 1448 2603 Schwazzachii
1500 2513 1910 2617 dicimuS,
1985 2536 2080 2597 ut
2132 2513 2358 2604 uude
2426 2546 2648 2601 mors
2701 2516 3121 2602 oriebatur
3156 2577 3186 2618 ,
3252 2509 3450 2601 inde
3500 2512 3666 2597 vita
3723 2542 3846 2597 re·

457 2663 825 2756 surgeret
857 2700 880 2745 ,
936 2658 1016 2724 et
1066 2668 1281 2757 quae
1333 2631 1950 2723 Schwazzachii
2002 2665 2147 2749 per
2202 2633 2996 2724 rustico-haereticae
3024 2632 3451 2722 seditionis
3516 2632 3846 2721 comitia

457 2765 851 2852 vincebat
901 2756 1259 2845 haeresis
1295 2816 1320 2860 ,
1375 2757 1499 2855 ibi⁶
1544 2784 1879 2874 quoque
1935 2755 2436 2845 vinceretur.
2997 2829 3002 2835 .
3372 2822 3377 2831 .

572 2888 643 2988 §-
721 2882 853 2970 13,
909 2878 1214 2965 Primo.
1272 2872 1577 2994 ltaque
1631 2876 1974 2989 propriis
2025 2906 2312 2963 eorum
2364 2877 2834 2991 sumptibus
2871 2939 2895 2980 ,
2959 2898 3045 2963 et
3093 2876 3468 2990 expensis
3517 2877 3604 2960 in
3658 2903 3850 2960 mox
3871 2867 4071 2957 1⁴⁰8OE
4107 2888 4232 2932 ser-

455 3007 682 3092 dicto
737 2997 1347 3085 Schwazzachii
1405 2996 1586 3082 loco
1638 2991 1978 3111 praefati
2044 2996 2555 3084 Venerabilis
2612 2994 3169 3085 confaederati
3211 2994 3581 3082 Abbates
3629 2991 3853 3080 aedi·
3875 2958 4137 3028 *⁸⁰³⁸*

442 3126 685 3215 »ficari
741 3117 1161 3204 curabunt
1208 3118 1623 3211 Missionis
1673 3112 2072 3220 domum,
2139 3149 2289 3206 seu
2341 3117 2793 3230 hospitium
2844 3140 3201 3237 quatuor
3250 3116 3592 3209 Patrum
3645 3114 3843 3201 Mis-

459 3244 1003 3337 sionariorum
1057 3238 1568 3327 habitatione
1619 3265 2140 3346 congruum,
2210 3261 2293 3326 et
2371 3259 2658 3353 aptum
2710 3301 2740 3342 ‚
2803 3261 3161 3358 quatuor
3243 3237 3638 3323 nimirum
3696 3264 3850 3351 pro

461 3368 589 3455 his
644 3367 1141 3449 instructum
1222 3357 1693 3462 cubilibus,
1748 3353 2077 3443 duobus
2157 3389 2306 3473 pro
2394 3356 2918 3472 hospitibus,
3007 3387 3180 3445 uno
3243 3353 3847 3473 proinfirmiS,

462 3490 808 3604 aliisque
864 3511 1013 3593 pro
1062 3477 1450 3581 famulis,
1498 3498 1819 3593 praeter
1874 3475 2430 3566 Refectorium
2463 3541 2487 3587 ,
2532 3480 2896 3567 culinam
2947 3509 3143 3567 cum
3224 3508 3448 3593 penu
3479 3538 3504 3584 ,
3559 3476 3855 3564 cellam

463 3607 909 3713 vinariam,
961 3598 1358 3724 aliudque
1412 3599 1688 3687 cubile
1740 3596 2305 3687 Bibliothecae
2360 3601 2952 3687 inserviturum
3007 3630 3203 3686 cum
3254 3597 3589 3691 hortulo
3620 3660 3644 3703 ,
3695 3621 3851 3687 sta·

465 3728 672 3817 bulo
708 3788 731 3835 ‚
820 3756 917 3812 ac
968 3718 1223 3809 senile
1255 3785 1284 3829 ‚
1352 3720 1562 3808 ultra
1643 3748 1840 3806 vero
1891 3717 2364 3807 aedificium
2404 3717 2575 3807 -hoc
2621 3717 3017 3830 extendi,
3074 3718 3504 3837 ampliari,
3567 3748 3712 3807 seu
3765 3721 3855 3806 in

440 3844 992 3964 ‚grandiorem
1044 3838 1397 3931 sormam
1452 3846 1605 3928 nec
1656 3842 1979 3947 extrui,
2052 3872 2203 3931 nec
2257 3836 2515 3953 redigi
2567 3844 2841 3957 possit.
2997 3912 3002 3919 .
3085 3912 3116 3925 ,.

597 3962 1007 4059 Secundo·
1094 3960 1687 4053 Aedificabunt
1737 3964 2036 4073 pariter
2090 3954 2458 4077 espensis
2496 4027 2519 4070 ,
2608 3985 2704 4048 ut
2752 3993 2995 4076 supra
3047 4025 3075 4065 ‚
3166 3961 3577 4049 Sacellum
3612 4025 3642 4067 ,
3719 3962 3858 4052 vel

472 4086 938 4176 Ecclesiam
991 4080 1097 4168 ad
1149 4084 1332 4199 plus
1389 4082 1649 4169 tribus
1717 4080 2142 4169 Altaribus
2194 4084 2602 4196 provisam
2658 4082 3179 4171 Beatissimae
3240 4082 3606 4193 Virginis
3682 4084 3881 4171 sine.

477 4208 679 4295 labe·
720 4226 1167 4317 conceptae
1218 4200 1711 4310 dicandam,
1770 4226 2087 4318 praeter
2141 4203 2609 4291 Sacristiam
2665 4205 3110 4293 necessaria
3162 4202 3655 4319 supellectili
3710 4199 3854 4291 de·

479 4348 761 4419 center
815 4329 1293 4410 instructam
1336 4384 1359 4428 ,
1424 4353 1743 4429 summa
1796 4323 2303 4411 florenorum
2360 4345 2479 4408 ter
2531 4323 2761 4409 mille
2815 4320 3295 4410 dotandam.

599 4447 908 4534 Tertio.
986 4439 1561 4530 sustentandis
1614 4465 1969 4560 quatuor
2021 4443 2386 4558 patribus
2438 4441 3024 4550 Missionariis,
3079 4443 3547 4563 horumque
3595 4441 3860 4533 famu-

476 4572 574 4660 lis
627 4565 1163 4680 assignabunt
1237 4563 1582 4678 capitale
1646 4561 2149 4649 florenorum
2210 4565 2533 4673 triginta
2593 4565 2950 4652 millium
2987 4628 3009 4672 ,
3083 4595 3248 4652 una
3303 4594 3493 4653 cum
3565 4564 3863 4655 Eccle-

477 4696 643 4781 siae
703 4685 896 4775 dote
949 4715 1133 4777 mox
1199 4681 1414 4772 dicta
1469 4712 1718 4800 penes
1808 4706 1978 4770 tuta
2033 4684 2210 4773 loca
2263 4681 2365 4770 ad
2422 4682 3274 4803 quincunces‘usuras
3310 4750 3339 4789 ‚
3417 4685 3484 4771 si
3571 4683 3863 4777 haberi

481 4831 929 4928 poterunt,
1005 4810 1085 4893 in
1144 4835 1438 4893 census
1517 4800 2013 4895 elocandum
2102 4803 2207 4891 ab
2276 4808 2501 4891 omni
2581 4799 3171 4914 decimatione,
3227 4796 3548 4913 steura,
3602 4807 3867 4899 aliove

482 4940 1015 5049 quocumque
1066 4924 1584 5037 excoxitabili
1635 4957 1883 5015 onere
1938 4924 2131 5012 reali
2182 4986 2206 5032 ,
2260 4924 2726 5041 personali,
2780 4927 2910 5016 vel
2962 4930 3217 5016 mixto
3269 4991 3294 5037 ,
3345 4957 3670 5042 semper
3702 4993 3727 5038 ,
3784 4953 3870 5020 et

492 5049 809 5169 ubique
862 5050 1257 5133 immune.

458 5276 463 5285 .
602 5166 947 5278 Quarto.
1018 5163 1438 5252 Numerus
1499 5164 2220 5255 'Missionariorum
2308 5168 2412 5257 sit
2487 5196 2868 5283 semper,
2954 5192 3040 5260 et
3088 5169 3505 5288 perpetuis
3568 5167 3868 5257 futuris

484 5284 1002 5407 temporibus
1052 5309 1546 5405 quaternus3
1594 5317 1696 5401 ,ex
1748 5287 2053 5405 quibus
2102 5284 2548 5403 saepedicti
2587 5289 3128 5383 Venerabiles
3183 5291 3554 5380 Abbates
3600 5324 3871 5381 unum

458 5440 640 5527 ,pro
692 5404 942 5495 domo
973 5468 999 5515 ,
1050 5429 1130 5495 et
1181 5404 1596 5492 Missionis
1651 5405 2176 5520 Superiorem
2262 5404 2529 5496 modis
2560 5471 2584 5513 ‚
2671 5434 2754 5499 et
2804 5407 3086 5498 formis
3121 5475 3144 5519 ,
3233 5412 3541 5532 quibus
3594 5410 3866 5501 hacte-

495 5562 648 5617 nus
736 5531 818 5614 in
880 5523 1402 5614 nominandis
1474 5523 2082 5616 professoribus
2171 5528 2422 5647 hujus
2490 5529 3070 5620 Universitatis
3125 5557 3446 5623 nostrae
3509 5534 3875 5647 legitime

486 5655 613 5739 usi
660 5673 854 5739 sunt
892 5712 915 5759 ,
994 5680 1325 5787 semper
1375 5645 1928 5763 designabunt
1964 5715 1996 5756 ,
2064 5647 2584 5767 designatum
2638 5683 2834 5744 vero
2884 5678 3076 5743 ante
3143 5657 3481 5745 triennii
3555 5654 3875 5774 lapsum
