4834 6409
3641 486 3812 577 363

439 603 702 720 rum,
790 632 935 697 aut
1017 636 1547 696 communem
1609 609 1863 695 totius
1914 604 2308 714 Ordinis,
2387 607 2524 696 vel
2584 607 3167 723 principalium
3228 612 3821 727 potiorumque

442 732 1757 822 Monasteriorumnecessitatem
1812 792 1836 837 ,
1919 759 2134 847 qnae
2184 725 2499 841 judicio
2565 729 3245 840 Congregationis
3294 728 3829 843 Hegu'meno·

447 883 994 965 tumui-gens
1044 855 1213 938 visa
1279 847 1582 935 fuerit-z
1640 853 1726 935 in
1781 880 1948 970 quo
1999 847 2777 934 nihilominuseasu
2832 850 3463 960 significan-dnm
3534 850 3622 934 id
3672 850 3831 934 erit

447 974 922 1062 Abbatib'us
983 970 1698 1057 Monasteriorum.
1771 971 1880 1055 ΙΙ.
1945 969 2210 1055 Penes
2268 968 2691 1054 Abbatem
2741 969 3239 1056 Generalem
3292 995 3415 1057 est
3463 970 3833 1079 Congre-

454 1096 867 1207 gationem
947 1088 1369 1196 indicere,
1423 1091 1668 1209 eique
1718 1087 2181 1206 praesidere
2233 1119 2497 1204 usque
2560 1087 2661 1174 ad
2742 1095 3226 1176 successoris
3312 1091 3829 1178 electionem.

454 1216 538 1301 Si
600 1247 799 1302 vero
855 1218 1027 1327 ipse
1090 1235 1468 1296 mortuus
1536 1208 1785 1297 fuerit
1820 1275 1845 1317 ,
1910 1235 2050 1296 ant
2101 1232 2525 1322 promotus
2561 1271 2585 1312 ,
2641 1234 2783 1294 aut
2833 1208 2938 1296 de
3010 1212 3262 1324 ipsius
3326 1242 3591 1309 causa,
3632 1238 3829 1294 con-

451 1334 930 1420 sultandum
1014 1338 1182 1448 sit,
1240 1350 1448 1414 tunc
1527 1328 1632 1415 ad
1704 1332 2236 1442 Hegumenos
2286 1330 2688 1441 spectabit
2767 1332 2987 1414 illam
3077 1330 3508 1435 indicere,
3588 1332 3835 1446 eique

415 1487 428 1509 ··
449 1452 912 1569 praesidere
955 1482 1213 1572 usque
1265 1449 1367 1534 ad
1423 1453 1611 1534 novi
1657 1452 2003 1536 Abbatis
2052 1447 2481 1533 Generalis
2532 1450 3050 1554 electionem,
3105 1473 3246 1536 aut
3296 1452 3594 1536 veteris
3643 1480 3828 1562 pro-

448 1575 728 1663 batam
784 1574 1397 1678 innocenti‘am3
1449 1588 1760 1656 servata
1814 1601 2133 1687 semper
2179 1568 2486 1652 Vicarii
2550 1569 2976 1656 Generalis
3028 1574 3245 1655 inter
3307 1568 3838 1682 Hegumenos
3958 1578 3969 1589 '

451 1695 1128 1808 praeeminentia,
1183 1713 1276 1774 ut
1351 1688 1840 1776 dictumest
1917 1689 2137 1775 alibi.
2209 1687 2568 1775 Vivente
2624 1714 2898 1774 tamen
2973 1690 3304 1777 Abbate
3372 1690 3759 1775 Generali
3812 1750 3837 1792 ,

457 1819 702 1899 etiam
760 1809 1096 1931 quando
1146 1811 1251 1896 de
1302 1810 1555 1922 ipsius
1631 1840 1872 1895 causa
1937 1804 2350 1921 agendum
2417 1833 2597 1916 est,
2667 1813 2746 1895 in
2807 1811 3059 1894 literis
3111 1873 3134 1915 ,
3203 1815 3283 1895 in
3356 1814 3664 1928 quibus
3734 1808 3840 1892 ab

455 1930 971 2045 Regum-cuis
1023 1931 1572 2039 Congregatio
1611 1929 2095 2035 indicetur,
2179 1952 2484 2013 nomen
2539 1927 2911 2045 ejusdem
2980 1931 3332 2016 Abbatis
3393 1961 3838 2045 praepona-

458 2082 594 2142 tur
646 2052 1123 2138 nominibus
1188 2046 1893 2159 Hegumenorum.
1953 2049 2099 2132 111.
2153 2046 2513 2133 Duobus
2560 2050 2844 2135 saltem
2886 2050 3309 2136 mensibus
3360 2075 3551 2138 ante
3589 2049 3839 2153 diem,

459 2205 629 2295 quo
681 2167 1172 2258 celebranda
1225 2172 1377 2254 erit
1443 2168 2044 2281 Congregatio,
2098 2166 2516 2254 indicatur
2563 2200 2707 2285 per
2779 2171 3240 2281 encyclicas
3291 2172 3697 2285 epistolas.
3731 2167 3835 2252 ab

458 2292 816 2380 Abbate
853 2290 1238 2376 Generali
1280 2351 1303 2393 ,
1369 2313 1451 2374 et
1501 2287 2011 2398 Hegumenis
2088 2288 2643 2401 subscriptaS,
2712 2311 2795 2374 et
2861 2288 2963 2372 ad
3034 2294 3307 2375 omnia
3378 2287 3845 2375 nostri-*Or-

466 2412 688 2497 dinis
742 2413 1237 2497 Monasteria
1289 2414 1594 2493 missas.
1653 2410 1735 2493 Si
1788 2406 2016 2526 quod
2076 2437 2275 2495 vero
2341 2408 2932 2493 Monasterium
2988 2409 3313 2521 longius
3362 2408 3681 2521 distet,
3729 2430 3848 2511 tot

463 2533 883 2617 mensibus
934 2552 1123 2615 ante
1173 2527 1618 2614 indicenda
1672 2530 1828 2612 erit
1863 2591 1886 2633 ,
1951 2553 2157 2645 quot
2205 2525 3151 2614 sufficere·videbuntur
3199 2529 3516 2643 judicio
3565 2530 3848 2637 Hegu-

463 2680 922 2737 menorum.
969 2647 1168 2734 Dies
1206 2671 1478 2732 autem
1519 2647 2201 2758 Congregationis
2238 2645 2778 2734 celebrandae
2814 2646 3198 2734 destinari
3251 2652 3519 2754 solita,-
3555 2671 3673 2736 est
3714 2649 3843 2733 15.

466 2770 884 2874 Octobris,
925 2802 1084 2885 qua
1140 2766 1481 2851 Ordinis
1539 2773 1786 2852 nostri
1840 2766 2391 2878 Congregatio
2444 2770 2812 2853 instituta
2855 2768 3034 2852 fuit.
3077 2769 3222 2852 IV.
3258 2768 3395 2854 Ad
3434 2770 3843 2879 Congreg.

467 2889 964 2975 Generalem
998 2883 1352 2972 vocandi
1390 2911 1662 2990 erunt,
1700 2889 1942 3004 eique
1972 2891 2382 2991 interesse,
2424 2909 2506 2971 et
2543 2891 2622 2971 in
2659 2919 2748 2972 ea
2788 2919 3078 2973 vocem
3120 2888 3425 2975 habere
3458 2911 3849 3004 poterunt

467 3031 787 3121 praeter
845 3008 1259 3091 Abbatem
1313 2998 1833 3109 Generalem,
1874 3029 1956 3091 et
1985 3029 2339 3123 quatuor
2391 3006 2950 3117 Hegumenos,
2992 3039 3448 3126 eorumque
3482 3010 3849 3094 Viearios

338 3246 342 3251 ἱ
467 3126 571 3247 (si
604 3128 745 3247 qni
782 3151 1014 3213 antea
1056 3128 1290 3211 electi
1344 3123 1709 3241 fuerant)
1751 3126 2114 3212 Abbates
2164 3158 2449 3212 omnes
2484 3149 2645 3210 tam
2698 3124 3354 3233 provinciarum,
3384 3160 3634 3246 quam
3673 3130 3854 3212 Mo·-
3938 3154 3943 3159 ·

469 3252 1008 3333 nasteriorum
1049 3312 1076 3351 ,
1127 3268 1212 3331 et
1262 3277 1452 3330 cum
1505 3277 2012 3365 unoquoque
2052 3247 2382 3331 Abbate
2436 3248 2721 3331 socius
2773 3281 2812 3330 a
2868 3246 3524 3360 Congregatione
3563 3249 3852 3333 Mona·

474 3367 817 3452 chorum
852 3368 1070 3450 illius
1103 3367 1572 3449 Monasterii
1626 3367 1960 3452 electus.
1993 3364 2433 3487 Quotquot
2473 3389 2887 3481 praeterea
2929 3364 3235 3453 Officio
3290 3369 3638 3454 Abbatis
3688 3367 3855 3454 Ge·

475 3490 823 3592 neralis,
889 3488 1021 3573 vel
1071 3486 1754 3597 Hegumenorum
1806 3483 2069 3570 suncti
2123 3510 2365 3592 sunt,
2419 3484 2675 3569 modo
2728 3517 2888 3570 non
2948 3486 3257 3589 fuerint
3308 3492 3418 3574 ob
3483 3487 3854 3574 defectus

461 3609 793 3725 aliquos
864 3604 1237 3719 depositi.
1309 3606 1417 3689 Iis
1494 3629 1770 3691 autem
1824 3603 2487 3725 unumquodque
2553 3607 3148 3692 Monasterium
3227 3607 3331 3694 de
3404 3611 3857 3693 necessario

475 3731 775 3814 viatico
822 3725 1296 3840 providebit
1344 3768 1388 3830 ,·
1427 3749 1593 3810 tam
1663 3728 1741 3809 in
1812 3722 2091 3812 eundo
2140 3788 2164 3832 ,
2229 3757 2479 3844 quam
2544 3727 2627 3809 in
2708 3723 3194 3839 redeund03
3260 3729 3370 3812 ob
3448 3759 3699 3845 quem
3752 3725 3858 3812 'fi-

478 3879 666 3933 nem
721 3881 763 3933 a
828 3848 1327 3960 primoribus
1379 3868 1556 3930 tum
1637 3845 2230 3931 Ecclesiasticis
2264 3908 2288 3948 ,
2373 3867 2547 3929 tum
2602 3845 3173 3932 Saecularibus
3242 3849 3462 3932 illius
3512 3848 3860 3933 Provin-

478 3969 651 4050 ciae
702 4029 724 4071 ,
797 3968 1164 4051 Abbates
1216 3966 1822 4078 eleemosynam
1890 3966 2279 4076 colligant
2325 4027 2354 4067 ,
2415 3988 2520 4050 -et
2566 3996 2749 4051 eam
2814 3998 3089 4053 secum
3142 3964 3535 4053 deferant.
3610 3966 3711 4050 V.
3772 3969 3861 4053 Si

395 4116 399 4121 ·
479 4089 665 4200 quis
716 4085 1004 4167 Abbas
1038 4147 1061 4189 ‚
1117 4085 1254 4169 vel
1308 4082 1615 4169 Officio
1678 4085 2029 4169 Abbatis
2093 4084 2772 4190 Generalis,‡aut
2839 4086 3308 4198 Hegumeni
3362 4083 3850 4193 defunctus,

479 4205 589 4288 ob
673 4204 1128 4309 legitimum
1206 4203 1892 4315 impedimentum
1973 4237 2016 4289 a
2105 4205 2763 4315 congregatione
2830 4205 3439 4291 Monachorum
3509 4206 3863 4318 proban-

479 4322 680 4408 dum
724 4385 747 4427 ,
801 4345 945 4436 per
1009 4354 1092 4407 se
1148 4324 1412 4433 ipsum
1467 4318 1746 4406 adesse
1799 4328 2292 4439 nequiverit,
2345 4327 2614 4410 mittat
2664 4324 3167 4411 Monachum
3222 4324 3659 4435 idoneum,
3704 4330 3859 4443 'qui

483 4447 701 4529 vices
761 4472 945 4527 suas
1017 4446 1093 4526 in
1165 4440 1820 4552 Congregatione
1896 4442 2282 4530 Generali
2360 4446 2808 4562 suppleat,
2879 4442 3341 4564 habeatque
3409 4445 3683 4529 locum
3774 4451 3857 4531 in

484 4563 1143 4674 Congregatione
1183 4568 1602 4679 'tanquam
1655 4562 2008 4647 absentis
2065 4562 2575 4649 Procurator.
2630 4565 2800 4672 Qui
2891 4596 3084 4651 vero
3163 4587 3493 4679 propter
3571 4588 3864 4650 contu·-

483 4687 896 4789 maciam,
976 4684 1108 4768 vel
1174 4685 1457 4767 inanes
1544 4713 1822 4773 causas
1886 4680 2165 4771 adesse
2231 4685 2676 4799 neglegerit
2721 4746 2746 4789 ,
2821 4687 3139 4795 cognita
3184 4728 3216 4789 ·,
3298 4707 3384 4771 et
3456 4683 3862 4771 declarata
3966 4705 3978 4716 ‘

485 4811 663 4915 ejus
736 4836 972 4889 causa
1027 4807 1108 4887 in
1181 4801 1838 4914 Congregatione
1891 4803 2274 4891 Generali
2321 4867 2352 4907 ,
2415 4806 3176 4889 excommunicetur
3226 4864 3251 4910 ‚
3327 4827 3411 4891 et
3472 4805 3863 4889 Monachi

485 4923 591 5007 ab
655 4928 840 5037 ejus
884 4922 1353 5007 obedientia
1406 4923 1963 5009 absolvantur.
2035 4927 2247 5010 Socii
2302 4946 2577 5009 autem
2630 4922 3113 5031 Abbatum‚
3166 4927 3311 5042 qui
3366 4928 3446 5008 in
3501 4924 3870 5035 Congre-

488 5043 816 5151 gatione
893 5041 1492 5127 Monachorum
1552 5044 1785 5129 electi
1848 5042 2212 5148 suerint,
2272 5045 2685 5130 neminem
2738 5067 3083 5159 possunt
3130 5045 3285 5130 sibi
3339 5044 3866 5152 substituere,

489 5192 644 5247 nec
694 5193 906 5247 suae-
939 5165 1320 5247 electioni
1378 5167 1906 5250 renunciare·
1943 5165 2083 5248 Vl.
2123 5163 2394 5251 Nemo
2442 5165 2526 5246 in
2581 5160 3245 5273 congregatione
3290 5162 3676 5249 Generali
3732 5195 3874 5249 vo-

491 5314 669 5368 cem
728 5281 1020 5368 habeat
1059 5345 1081 5387 ,
1151 5285 1304 5367 nisi
1353 5312 1488 5368 sex
1542 5312 1799 5369 annos
1856 5287 1938 5368 in
1996 5281 2317 5371 Ordine
2381 5282 2974 5395 compleverit,
3038 5281 3511 5395 inchoando
3561 5284 3669 5368 ab
3731 5317 3872 5370 an-

493 5408 622 5488 nis
676 5403 1179 5516 probationis
1215 5465 1239 5505 ,
1293 5425 1394 5487 et·
1444 5406 1590 5488 nisi
1653 5407 2020 5515 triginta‘·
2067 5432 2326 5489 anuos
2374 5405 2660 5489 aetatis
2692 5404 3015 5521 ‚saltem
3069 5401 3495 5489 inchoatos
3546 5404 3872 5493 habeat.

495 5523 703 5608 Item
792 5555 1033 5609 nemo
1102 5527 1181 5607 in
1252 5524 1842 5610 Monasterium
1898 5520 2000 5643 ad
2065 5520 2649 5611 celebrandam
2705 5523 3450 5634 Congregationem
3519 5521 3875 5612 destina·
3960 5540 3969 5547 ’

495 5669 675 5730 tum
733 5648 982 5731 intret
1032 5709 1061 5748 ‚
1128 5646 1279 5727 nisi
1339 5644 1946 5734 tribus-diebus
1995 5706 2020 5753 ,
2085 5664 2532 5845 antequain
2594 5641 3064 5757 inchoanda
3116 5646 3221 5729 sit
3271 5642 3880 5758 Congregatim

2531 5795 2575 5848 z
2642 5796 2691 5848 2
