4834 6409
1036 426 1151 512 90
3901 491 3908 496 -

742 517 979 584 solitae
1038 516 1183 602 das
1210 581 1233 624 ,
1299 539 1383 604 et
1429 514 1805 628 efficaces
1852 524 2191 609 existere
2240 544 2324 608 et
2376 520 2610 636 fore3
2662 553 3018 644 suosque
3065 520 3472 637 plenarios
3519 541 3605 608 et
3651 521 4009 630 integros
4054 508 4400 612 effectus

656 611 1310 724 “mmm-sortiri
1361 662 1445 726 et
1491 641 1926 755 obtinere3
1993 674 2086 728 ac
2135 641 2295 726 illis
2324 708 2347 751 ,
2412 641 2517 729 ad
2572 675 2780 762 quos
2828 666 3200 762 spectat,
3277 665 3364 729 et
3411 649 3561 757 pm'
3606 651 3990 753 tempore·
4026 631 4402 753 quan‘d‘o-

1044 761 1407 877 cumque
1467 762 1919 876 spectabit,
1982 765 2071 846 in
2125 764 2512 848 omnibus
2561 787 2647 849 et
2697 795 2843 878 per
2885 766 3198 851 o1'nnia.
3234 762 3726 880 plenissime.
3767 754 4257 866 suffragari,
4318 776 4404 837 et

1044 879 1151 963 ab
1201 882 1314 965 eis
1365 884 1814 996 respective
1860 881 2447 971 inviolabiliter
2481 885 2890 971 observari
2923 921 2950 999 3
2983 888 3274 1004 sicque'
3311 885 3399 967 in
3437 882 3906 996 praemissis
3956 905 4100 990 per
4149 902 4398 990 quos-

1045 1030 1409 1118 cumque
1452 998 1773 1116 judices
1835 999 2287 1090 ordinarios
2334 1009 2420 1091 e‘t
2487 1003 2902 1116 delegatos
2937 1069 2963 1114 ,
3027 1010 3277 1108 etiam
3328 1001 3792 1088 Causarum
3838 995 4132 1083 Palatii
4177 993 4405 1109 Apo-

1043 1117 1308 1205 stolici
1358 1119 1802 1209 Auditores
1837 1155 2008 1228 ,ac
2060 1125 2140 1209 S.
2182 1124 2280 1208 R.
2331 1126 2435 1209 E.
2478 1123 2962 1213 Cardinales
2993 1189 3021 1232 ‚
3072 1127 3320 1218 etiam
3368 1118 3479 1209 de
3523 1120 3826 1208 Latere
3877 1116 4284 1227 Legatos,
4321 1133 4408 1200 et

1044 1240 1566 1355 Apostolicae
1616 1240 1850 1328 Sedis
1898 1243 2320 1351 Nuncios‚
2360 1248 2665 1332 aliosve
2713 1248 3132 1364 quoslibet
3175 1251 3709 1363 quacumque
3758 1234 4406 1355 praeeminentia

1045 1381 1133 1445 ct
1175 1383 1576 1474 potestate
1622 1358 2059 1473 fungentes
2107 1386 2190 1450 et
2237 1361 2669 1451 functurus
2702 1430 2732 1470 ,
2777 1366 3100 1453 sublata
3151 1370 3269 1452 eis
3315 1386 3404 1450 et:
3431 1371 3737 1480 eorum
3802 1355 4150 1446 cuilibet
4177 1373 4399 1473 'qua-

1041 1481 1170 1563 vis
1219 1480 1454 1566 aliter
1499 1480 1929 1595 judicandi
1992 1484 2716 1599 et'interpretandi
2765 1484 3156 1574 facultate
3204 1508 3288 1571 et
3335 1484 3871 1585 auctoritate,
3908 1472 4265 1593 judicari
4318 1496 4403 1559 et

1047 1594 1378 1685 definiri
1427 1598 1790 1714 debere3
1855 1636 1950 1690 ac
2030 1607 2354 1691 irritum
2406 1629 2490 1693 et
2537 1615 2783 1692 inane
2815 1668 2841 1713 ,
2906 1610 2975 1692 si
3019 1623 3280 1691 ‘secus
3353 1633 3622 1716 super.
3678 1598 3810 1685 his
3856 1631 3901 1684 a
3978 1603 4406 1717 quoquam

1049 1722 1341 1837 quavis
1378 1726 1875 1832 ‚auctoritate
1920 1726 2274 1811 scienter
2321 1725 2470 1812 vel·
2507 1728 2978 1836 ignoranter
3027 1725 3464 1835 contigerit
3512 1722 3952 1808 attentari..
4017 1775 4026 1784 ·

1169 1837 1238 1938 S.
1302 1844 1417 1929 6.·
1452 1842 1643 1928 Non
1698 1844 2214 1930 obstantibus
2261 1848 2721 1961 praemissis
2750 1855 2938 1951 ,‘-ac
2988 1841 3747 1931 Constitutionibus
3796 1862 3884 1927 et
3931 1832 4408 1921 Ordinatio·

1048 1957 1299 2045 nib'us
1347 1962 1840 2076 Apostolicis
1865 2028 1895 2069 ‚
1926 1996 2275 2073 ,necnon
2307 1971 2367 2073 ‚'
2397 1990 2805 2083 quatenus
2854 1973 3061 2081 opus
3110 1967 3296 2072 sit·‚·
3338 1958 3787 2050 Custodiae
3820 2024 3851 2064 ,
3911 1979 4000 2045 et
4057 1952 4418 2042 O'rdinis‘

1044 2077 1656 2193 praedictorum
1694 2145 1719 2190 ,
1785 2087 2031 2169 etiam
2079 2089 2546 2200 juramento
2582 2150 2606 2193 ‚
2670 2083 3297 2172 confirmatione
3341 2082 3788 2199 apostolica
3823 2076 4054 2184 ,'vel
4112 2076 4406 2196 quavis

1046 2194 1436 2289 firmitate
1485 2202 1638 2289 alia
1692 2204 2088 2294 roboratis
2136 2207 2457 2291 statutis
2492 2267 2518 2312 ,
2571 2228 2655 2292 et
2703 2201 3988 2319 consuetudinibus‚'privilegiis
4038 2227 4210 2314 quo
4273 2226 4404 2306 uc,

1048 2315 1397 2405 indultis
1426 2384 1453 2428 ‚
1518 2345 1603 2410 et
1650 2324 1908 2411 literis
1957 2325 2419 2440 apostolicis
2448 2387 2473 2432 ,
2513 2327 2598 2410 in
2650 2328 3150 2411 contrarium
3200 2325 3834 2437 praemissorum
3885 2346 4194 2436 quomo
4255 2316 4413 2400 oli·

1047 2436 1200 2524 bet
1248 2446 1652 2529 concessis
1686 2504 1711 2550 ‚
1778 2442 2280 2530 confirmatis
2313 2507 2338 2551 ‚
2403 2469 2490 2531 et
2538 2446 2972 2534 innovatis.
3038 2444 3373 2553 Quibus
3436 2444 3824 2526 omnibus
3871 2444 3955 2525 et
4004 2435 4346 2546 singulis
4382 2497 4408 2540 ‚

1049 2555 1385 2659 illorum
1460 2583 1786 2649 tenores
1849 2565 2415 2679 praesentibus
2464 2593 2614 2679 pro
2672 2566 2922 2680 plene
3001 2588 3087 2654 et
3133 2561 3641 2649 sufficienter
3691 2560 4079 2674 expressis
4138 2586 4236 2641 ac
4303 2551 4416 2641 ad·

1049 2679 1409 2765 verbum
1489 2683 1816 2770 insertis
1881 2683 2281 2772 habentes
2313 2748 2343 2789 ‚
2406 2685 2564 2771 illis
2612 2685 2809 2772 alias
2890 2688 2978 2771 in
3041 2712 3193 2770 suo
3261 2682 3558 2770 robore
3634 2678 4242 2798 permansuris,
4305 2671 4414 2760 ad

1046 2803 1683 2911 praemissorum
1729 2799 2129 2892 effectum
2186 2803 2344 2890 hac
2390 2808 2578 2891 vice
2624 2802 3054 2891 dumtaxat
3098 2802 3560 2919 specialiter
3607 2827 3693 2889 et
3752 2828 4122 2914 expresse
4172 2791 4409 2881 dero-

1049 2945 1335 3029 gamus
1361 2983 1392 3024 ,
1459 2925 1917 3039 ceterisque
1964 2925 2393 3012 contrariis
2456 2923 3154 3042 quibuscumque.
3527 2963 3534 2968 ·

1172 3037 1488 3126 Datum
1540 3040 1851 3127 Romae
1901 3040 2127 3158 apud
2177 3043 2562 3130 Sanctam
2618 3044 2972 3131 Mariam
3019 3043 3425 3161 Maiorem
3475 3042 3638 3129 sub
3686 3037 4028 3126 Annulo
4067 3036 4415 3125 Piscato-

1051 3158 1163 3242 ris
1227 3153 1364 3245 die
1429 3192 1564 3246 22.
1618 3161 2125 3276 Septembris
2185 3165 2437 3277 1733.
2489 3161 3029 3252 Pontificatus
3075 3161 3355 3250 Nostri
3406 3194 3625 3249 anno
3674 3183 3994 3279 quarto.

2449 3325 2454 3332 ·
3060 3282 3156 3367 F.
3210 3279 3675 3367 Cardinalis
3728 3278 4174 3366 Oliverius.

1175 3647 1811 3765 Confirmamw
1847 3667 2224 3764 patentes
2272 3653 2399 3736 M
2389 3652 2677 3735 inistri
2753 3650 3194 3736 Generalis
3252 3646 3600 3734 Ordinis
3651 3648 4061 3733 Fratrum
4120 3641 4416 3728 Mino·

1288 3793 1486 3850 rum
1543 3769 1841 3856 Sancti
1913 3770 2366 3858 Francisci
2433 3766 2538 3852 de
2594 3771 3147 3858 observantia
3198 3768 3494 3854 literae
3539 3833 3569 3873 ,
3651 3769 3955 3885 quibus
4030 3761 4418 3850 nonnulli

1301 3886 1650 3974 Ordinis
1686 3895 1693 3904 '
1723 3894 1864 3977 sui
1910 3889 2318 4013 Religiosi
2357 3885 2868 4003 deputantur
2913 3889 3032 3975 ad
3071 3886 3744 4011 quaestuandum
3826 3890 3919 3970 in
3963 3887 4212 3970 certis
4247 3902 4415 3972 sta·

1289 4009 1494 4095 tutis
1548 4010 2018 4099 Provinciis
2083 4044 2244 4129 pro
2305 4013 2924 4096 conservatione
2981 4010 3292 4098 Terrae
3338 4010 3725 4095 Sanctae.
3947 4001 3954 4010 ’

1665 4247 2685 4366 CLEMENS
2801 4246 3353 4362 PAPA
3472 4240 3813 4360 Xll.

1314 4551 1351 4570 s
2053 4494 2207 4585 Ad
2231 4494 2645 4614 flaturam
2719 4497 2851 4578 rei
2894 4496 3418 4579 memoriam.

1172 4731 1241 4834 S.
1317 4731 1387 4819 ι’.
1460 4642 1865 4852 Exponi
1914 4732 2182 4822 Nobis
2233 4765 2505 4850 nuper
2550 4731 2747 4820 fecit
2795 4729 3146 4820 dilectus
3192 4728 3415 4816 filius
3475 4726 3924 4818 modernus
3999 4727 4414 4820 Commis-

1051 4855 1311 4941 sarius
1357 4854 1787 4944 Generalis
1834 4854 2140 4944 Terrae
2190 4854 2541 4941 Sanctae
2586 4855 2672 4938 in
2724 4850 3089 4939 Romana
3141 4851 3397 4938 Curia
3449 4846 3794 4939 Ordinis
3844 4851 4226 4939 Fratrum
4258 4851 4419 4939 Mi·

1052 5005 1354 5063 norum
1407 4975 1684 5080 Sancti
1716 4975 2132 5064 Francisci
2170 5036 2196 5082 ,
2246 4969 2358 5061 de
2405 4973 2960 5062 Observantia
3010 4994 3679 5088 nuncupatorum
3713 5035 3741 5079 ,
3837 4968 4006 5056 uod
4058 4969 4411 5060 dilectus

1047 5097 1355 5212 pariter
1403 5094 1623 5183 filius
1669 5093 2031 5204 Joannes
2078 5092 2187 5195 de
2233 5095 2435 5179 Soto
2483 5095 2866 5181 Minister
2914 5085 3596 5179 Generalis‘dicti
3643 5003 3990 5179 Orffinis
4034 5122 4184 5207 per
4228 5089 4415 5180 suas

1048 5238 1422 5331 patentes
1482 5214 1801 5302 Literas
1850 5214 2249 5301 Ministris
2299 5212 2962 5301 Provincialibus
3012 5210 3640 5332 Provinciarum
3690 5206 4081 5300 Aratidae
4113 5274 4141 5320 ‚
4211 5214 4410 5300 San·

1052 5338 1170 5423 cti
1218 5336 1564 5425 Antonii
1616 5332 2035 5452 Capatior.
2088 5333 2425 5421 Pietatis
2459 5396 2485 5442 ,
2538 5357 2623 5422 et
2680 5331 3273 5449 Conceptionis
3339 5331 3526 5421 dela
3573 5335 3863 5441 Veira‚
3929 5353 4017 5421 et
4061 5330 4401 5445 Alynho

1053 5452 1407 5543 directas
1435 5518 1462 5560 ‚
1511 5484 1652 5543 eos
1703 5456 2070 5565 rogavit,
2130 5454 2521 5558 monuit,
2583 5475 2669 5542 et
2714 5451 3086 5540 hortatus
3144 5451 3304 5540 suit
3348 5516 3378 5557 ,
3444 5476 3540 5540 ut
3583 5484 3737 5569 pro
3785 5453 4408 5542 conservatione

1051 5574 1445 5666 locorum·
1491 5571 1871 5695 ejusdem
1921 5574 2227 5666 Terrae
2278 5573 2626 5665 Sanctae
2652 5635 2679 5684 ,
2741 5572 3326 5664 commissario
3372 5569 3644 5663 dictae
3689 5574 3996 5665 Terrae
4032 5574 4410 5680 Sanctae,
